@article{Aguirre2011,
 adsnote = {Provided by the SAO/NASA Astrophysics Data System},
 adsurl = {https://ui.adsabs.harvard.edu/abs/2011ApJS..192....4A},
 archiveprefix = {arXiv},
 author = {{Aguirre}, James E. and {\myname{Ginsburg}}, Adam G. and {Dunham}, Miranda K. and
{Drosback}, Meredith M. and {Bally}, John and {Battersby}, Cara and
{Bradley}, Eric Todd and {Cyganowski}, Claudia and {Dowell}, Darren and
{Evans}, Neal J., II and {Glenn}, Jason and {Harvey}, Paul and
{Rosolowsky}, Erik and {Stringfellow}, Guy S. and {Walawender}, Josh and
{Williams}, Jonathan P.},
 doi = {10.1088/0067-0049/192/1/4},
 eid = {4},
 eprint = {1011.0691},
 journal = {\apjs},
 keywords = {ISM: clouds, methods: data analysis, stars: formation, stars: massive, submillimeter: ISM, surveys, Astrophysics - Astrophysics of Galaxies},
 month = {January},
 number = {1},
 pages = {4},
 primaryclass = {astro-ph.GA},
 title = {{The Bolocam Galactic Plane Survey: Survey Description and Data Reduction}},
 volume = {192},
 year = {2011}
}

@article{ALMAPartnership2015,
 adsnote = {Provided by the SAO/NASA Astrophysics Data System},
 adsurl = {https://ui.adsabs.harvard.edu/abs/2015ApJ...808L...1A},
 archiveprefix = {arXiv},
 author = {{ALMA Partnership} and {Fomalont}, E.~B. and {Vlahakis}, C. and
{Corder}, S. and {Remijan}, A. and {Barkats}, D. and {Lucas}, R. and
{Hunter}, T.~R. and {Brogan}, C.~L. and {Asaki}, Y. and et al.},
 doi = {10.1088/2041-8205/808/1/L1},
 eid = {L1},
 eprint = {1504.04877},
 journal = {\apjl},
 keywords = {instrumentation: interferometers, submillimeter: general, techniques: high angular resolution, techniques: interferometric, telescopes, Astrophysics - Instrumentation and Methods for Astrophysics},
 month = {July},
 number = {1},
 pages = {L1},
 primaryclass = {astro-ph.IM},
 title = {{The 2014 ALMA Long Baseline Campaign: An Overview}},
 volume = {808},
 year = {2015}
}

@article{AstropyCollaboration2013,
 adsnote = {Provided by the SAO/NASA Astrophysics Data System},
 adsurl = {https://ui.adsabs.harvard.edu/abs/2013A&A...558A..33A},
 archiveprefix = {arXiv},
 author = {{Astropy Collaboration} and {Robitaille}, Thomas P. and
{Tollerud}, Erik J. and {Greenfield}, Perry and {Droettboom}, Michael and
{Bray}, Erik and {Aldcroft}, Tom and {Davis}, Matt and
{\myname{Ginsburg}}, Adam and {Price-Whelan}, Adrian M. and
{Kerzendorf}, Wolfgang E. and {Conley}, Alexander and {Crighton}, Neil and
{Barbary}, Kyle and {Muna}, Demitri and {Ferguson}, Henry and
{Grollier}, Fr{\'e}d{\'e}ric and {Parikh}, Madhura M. and
{Nair}, Prasanth H. and {Unther}, Hans M. and {Deil}, Christoph and
{Woillez}, Julien and {Conseil}, Simon and {Kramer}, Roban and
{Turner}, James E.~H. and {Singer}, Leo and {Fox}, Ryan and
{Weaver}, Benjamin A. and {Zabalza}, Victor and {Edwards}, Zachary I. and
{Azalee Bostroem}, K. and {Burke}, D.~J. and {Casey}, Andrew R. and
{Crawford}, Steven M. and {Dencheva}, Nadia and {Ely}, Justin and
{Jenness}, Tim and {Labrie}, Kathleen and {Lim}, Pey Lian and
{Pierfederici}, Francesco and {Pontzen}, Andrew and {Ptak}, Andy and
{Refsdal}, Brian and {Servillat}, Mathieu and {Streicher}, Ole},
 doi = {10.1051/0004-6361/201322068},
 eid = {A33},
 eprint = {1307.6212},
 journal = {\aap},
 keywords = {methods: data analysis, methods: miscellaneous, virtual observatory tools, Astrophysics - Instrumentation and Methods for Astrophysics},
 month = {October},
 pages = {A33},
 primaryclass = {astro-ph.IM},
 title = {{Astropy: A community Python package for astronomy}},
 volume = {558},
 year = {2013}
}

@article{AstropyCollaboration2018,
 adsnote = {Provided by the SAO/NASA Astrophysics Data System},
 adsurl = {https://ui.adsabs.harvard.edu/abs/2018AJ....156..123A},
 archiveprefix = {arXiv},
 author = {{Astropy Collaboration} and {Price-Whelan}, A.~M. and
{Sip{\H{o}}cz}, B.~M. and {G{\"u}nther}, H.~M. and {Lim}, P.~L. and
{Crawford}, S.~M. and {Conseil}, S. and {Shupe}, D.~L. and
{Craig}, M.~W. and {Dencheva}, N. and {\myname{Ginsburg}}, A. and {Vand
erPlas}, J.~T. and {Bradley}, L.~D. and {P{\'e}rez-Su{\'a}rez}, D. and
{de Val-Borro}, M. and {Aldcroft}, T.~L. and {Cruz}, K.~L. and
{Robitaille}, T.~P. and {Tollerud}, E.~J. and {Ardelean}, C. and
{Babej}, T. and {Bach}, Y.~P. and {Bachetti}, M. and {Bakanov}, A.~V. and
{Bamford}, S.~P. and {Barentsen}, G. and {Barmby}, P. and
{Baumbach}, A. and {Berry}, K.~L. and {Biscani}, F. and {Boquien}, M. and
{Bostroem}, K.~A. and {Bouma}, L.~G. and {Brammer}, G.~B. and
{Bray}, E.~M. and {Breytenbach}, H. and {Buddelmeijer}, H. and
{Burke}, D.~J. and {Calderone}, G. and {Cano Rodr{\'\i}guez}, J.~L. and
{Cara}, M. and {Cardoso}, J.~V.~M. and {Cheedella}, S. and {Copin}, Y. and
{Corrales}, L. and {Crichton}, D. and {D'Avella}, D. and {Deil}, C. and
{Depagne}, {\'E}. and {Dietrich}, J.~P. and {Donath}, A. and
{Droettboom}, M. and {Earl}, N. and {Erben}, T. and {Fabbro}, S. and
{Ferreira}, L.~A. and {Finethy}, T. and {Fox}, R.~T. and
{Garrison}, L.~H. and {Gibbons}, S.~L.~J. and {Goldstein}, D.~A. and
{Gommers}, R. and {Greco}, J.~P. and {Greenfield}, P. and
{Groener}, A.~M. and {Grollier}, F. and {Hagen}, A. and {Hirst}, P. and
{Homeier}, D. and {Horton}, A.~J. and {Hosseinzadeh}, G. and {Hu}, L. and
{Hunkeler}, J.~S. and {Ivezi{\'c}}, {\v{Z}}. and {Jain}, A. and
{Jenness}, T. and {Kanarek}, G. and {Kendrew}, S. and {Kern}, N.~S. and
{Kerzendorf}, W.~E. and {Khvalko}, A. and {King}, J. and {Kirkby}, D. and
{Kulkarni}, A.~M. and {Kumar}, A. and {Lee}, A. and {Lenz}, D. and
{Littlefair}, S.~P. and {Ma}, Z. and {Macleod}, D.~M. and
{Mastropietro}, M. and {McCully}, C. and {Montagnac}, S. and
{Morris}, B.~M. and {Mueller}, M. and {Mumford}, S.~J. and {Muna}, D. and
{Murphy}, N.~A. and {Nelson}, S. and {Nguyen}, G.~H. and
{Ninan}, J.~P. and {N{\"o}the}, M. and {Ogaz}, S. and {Oh}, S. and
{Parejko}, J.~K. and {Parley}, N. and {Pascual}, S. and {Patil}, R. and
{Patil}, A.~A. and {Plunkett}, A.~L. and {Prochaska}, J.~X. and
{Rastogi}, T. and {Reddy Janga}, V. and {Sabater}, J. and
{Sakurikar}, P. and {Seifert}, M. and {Sherbert}, L.~E. and
{Sherwood-Taylor}, H. and {Shih}, A.~Y. and {Sick}, J. and
{Silbiger}, M.~T. and {Singanamalla}, S. and {Singer}, L.~P. and
{Sladen}, P.~H. and {Sooley}, K.~A. and {Sornarajah}, S. and
{Streicher}, O. and {Teuben}, P. and {Thomas}, S.~W. and
{Tremblay}, G.~R. and {Turner}, J.~E.~H. and {Terr{\'o}n}, V. and
{van Kerkwijk}, M.~H. and {de la Vega}, A. and {Watkins}, L.~L. and
{Weaver}, B.~A. and {Whitmore}, J.~B. and {Woillez}, J. and
{Zabalza}, V. and {Astropy Contributors}},
 doi = {10.3847/1538-3881/aabc4f},
 eid = {123},
 eprint = {1801.02634},
 journal = {\aj},
 keywords = {methods: data analysis, methods: miscellaneous, methods: statistical, reference systems, Astrophysics - Instrumentation and Methods for Astrophysics},
 month = {September},
 number = {3},
 pages = {123},
 primaryclass = {astro-ph.IM},
 title = {{The Astropy Project: Building an Open-science Project and Status of the v2.0 Core Package}},
 volume = {156},
 year = {2018}
}

@article{Bally2010a,
 adsnote = {Provided by the SAO/NASA Astrophysics Data System},
 adsurl = {https://ui.adsabs.harvard.edu/abs/2010ApJ...721..137B},
 archiveprefix = {arXiv},
 author = {{Bally}, John and {Aguirre}, James and {Battersby}, Cara and
{Bradley}, Eric Todd and {Cyganowski}, Claudia and {Dowell}, Darren and
{Drosback}, Meredith and {Dunham}, Miranda K. and {Evans}, Neal J., II and
{\myname{Ginsburg}}, Adam and {Glenn}, Jason and {Harvey}, Paul and
{Mills}, Elisabeth and {Merello}, Manuel and {Rosolowsky}, Erik and
{Schlingman}, Wayne and {Shirley}, Yancy L. and {Stringfellow}, Guy S. and
{Walawender}, Josh and {Williams}, Jonathan},
 doi = {10.1088/0004-637X/721/1/137},
 eprint = {1011.0932},
 journal = {\apj},
 keywords = {dust, extinction, Galaxy: center, ISM: clouds, stars: formation, surveys, Astrophysics - Galaxy Astrophysics},
 month = {September},
 number = {1},
 pages = {137-163},
 primaryclass = {astro-ph.GA},
 title = {{The Bolocam Galactic Plane Survey: {\ensuremath{\lambda}} = 1.1 and 0.35 mm Dust Continuum Emission in the Galactic Center Region}},
 volume = {721},
 year = {2010}
}

@article{Bally2010b,
 adsnote = {Provided by the SAO/NASA Astrophysics Data System},
 adsurl = {https://ui.adsabs.harvard.edu/abs/2010A&A...518L..90B},
 archiveprefix = {arXiv},
 author = {{Bally}, J. and {Anderson}, L.~D. and {Battersby}, C. and
{Calzoletti}, L. and {Digiorgio}, A.~M. and {Faustini}, F. and
{\myname{Ginsburg}}, A. and {Li}, J.~Z. and {Nguyen Luong}, Q. and
{Molinari}, S. and {Motte}, F. and {Pestalozzi}, M. and {Plume}, R. and
{Rodon}, J. and {Schilke}, P. and {Schlingman}, W. and
{Schneider-Bontemps}, N. and {Shirley}, Y. and {Stringfellow}, G.~S. and
{Testi}, L. and {Traficante}, A. and {Veneziani}, M. and {Zavagno}, A.},
 doi = {10.1051/0004-6361/201014596},
 eid = {L90},
 eprint = {1005.4092},
 journal = {\aap},
 keywords = {stars: protostars, stars: massive, Hii regions, infrared: ISM, ISM: individual objects: W43, Astrophysics - Astrophysics of Galaxies},
 month = {July},
 pages = {L90},
 primaryclass = {astro-ph.GA},
 title = {{Herschel observations of the W43 ``mini-starburst''}},
 volume = {518},
 year = {2010}
}

@article{Bally2012,
 adsnote = {Provided by the SAO/NASA Astrophysics Data System},
 adsurl = {https://ui.adsabs.harvard.edu/abs/2012ApJ...756..137B},
 author = {{Bally}, John and {Youngblood}, Allison and {\myname{Ginsburg}}, Adam},
 doi = {10.1088/0004-637X/756/2/137},
 eid = {137},
 journal = {\apj},
 keywords = {ISM: clouds, ISM: individual objects: NGC 1977, stars: formation, stars: individual: Parenago 2042 HH 1064 HH 1065 HH 1065},
 month = {September},
 number = {2},
 pages = {137},
 title = {{The Spindle: An Irradiated Disk and Bent Protostellar Jet in Orion}},
 volume = {756},
 year = {2012}
}

@article{Bally2014a,
 adsnote = {Provided by the SAO/NASA Astrophysics Data System},
 adsurl = {https://ui.adsabs.harvard.edu/abs/2014AJ....148..120B},
 archiveprefix = {arXiv},
 author = {{Bally}, John and {\myname{Ginsburg}}, Adam and {Probst}, Ron and {Reipurth}, Bo and
{Shirley}, Yancy L. and {Stringfellow}, Guy S.},
 doi = {10.1088/0004-6256/148/6/120},
 eid = {120},
 eprint = {1409.6762},
 journal = {\aj},
 keywords = {Herbig-Haro objects, ISM: individual objects: NGC 7000 IC 5070 LDN 935, ISM: jets and outflows, stars: formation, Astrophysics - Solar and Stellar Astrophysics},
 month = {December},
 number = {6},
 pages = {120},
 primaryclass = {astro-ph.SR},
 title = {{Outflows, Dusty Cores, and a Burst of Star Formation in the North America and Pelican Nebulae}},
 volume = {148},
 year = {2014}
}

@article{Bally2014b,
 adsnote = {Provided by the SAO/NASA Astrophysics Data System},
 adsurl = {https://ui.adsabs.harvard.edu/abs/2014ApJ...795...28B},
 archiveprefix = {arXiv},
 author = {{Bally}, John and {Rathborne}, J.~M. and {Longmore}, S.~N. and
{Jackson}, J.~M. and {Alves}, J.~F. and {Bressert}, E. and
{Contreras}, Y. and {Foster}, J.~B. and {Garay}, G. and {\myname{Ginsburg}}, A. and
{Johnston}, K.~G. and {Kruijssen}, J.~M.~D. and {Testi}, L. and
{Walsh}, A.~J.},
 doi = {10.1088/0004-637X/795/1/28},
 eid = {28},
 eprint = {1409.3640},
 journal = {\apj},
 keywords = {Galaxy: center, ISM: clouds, ISM: individual: G0.253+0.016, stars: formation, Astrophysics - Astrophysics of Galaxies},
 month = {November},
 number = {1},
 pages = {28},
 primaryclass = {astro-ph.GA},
 title = {{Absorption Filaments toward the Massive Clump G0.253+0.016}},
 volume = {795},
 year = {2014}
}

@article{Bally2015,
 adsnote = {Provided by the SAO/NASA Astrophysics Data System},
 adsurl = {https://ui.adsabs.harvard.edu/abs/2015A&A...579A.130B},
 archiveprefix = {arXiv},
 author = {{Bally}, John and {\myname{Ginsburg}}, Adam and {Silvia}, Devin and
{Youngblood}, Allison},
 doi = {10.1051/0004-6361/201425073},
 eid = {A130},
 eprint = {1502.04711},
 journal = {\aap},
 keywords = {ISM: jets and outflows, ISM: clouds, stars: formation, Astrophysics - Astrophysics of Galaxies},
 month = {July},
 pages = {A130},
 primaryclass = {astro-ph.GA},
 title = {{The Orion fingers: Near-IR adaptive optics imaging of an explosive protostellar outflow}},
 volume = {579},
 year = {2015}
}

@article{Bally2017,
 adsnote = {Provided by the SAO/NASA Astrophysics Data System},
 adsurl = {https://ui.adsabs.harvard.edu/abs/2017ApJ...837...60B},
 archiveprefix = {arXiv},
 author = {{Bally}, John and {\myname{Ginsburg}}, Adam and {Arce}, Hector and
{Eisner}, Josh and {Youngblood}, Allison and {Zapata}, Luis and
{Zinnecker}, Hans},
 doi = {10.3847/1538-4357/aa5c8b},
 eid = {60},
 eprint = {1701.01906},
 journal = {\apj},
 keywords = {Herbig─Haro objects, ISM: individual objects: Orion OMC1, ISM: jets and outflows, stars: formation, stars: massive, Astrophysics - Solar and Stellar Astrophysics, Astrophysics - Astrophysics of Galaxies},
 month = {March},
 number = {1},
 pages = {60},
 primaryclass = {astro-ph.SR},
 title = {{The ALMA View of the OMC1 Explosion in Orion}},
 volume = {837},
 year = {2017}
}

@article{Bally2020,
 adsnote = {Provided by the SAO/NASA Astrophysics Data System},
 adsurl = {https://ui.adsabs.harvard.edu/abs/2020ApJ...889..178B},
 archiveprefix = {arXiv},
 author = {{Bally}, John and {\myname{Ginsburg}}, Adam and {Forbrich}, Jan and
{Vargas-Gonz{\'a}lez}, Jaime},
 doi = {10.3847/1538-4357/ab65f2},
 eid = {178},
 eprint = {2001.00899},
 journal = {\apj},
 keywords = {Astrophysics - Solar and Stellar Astrophysics, Astrophysics - Astrophysics of Galaxies},
 month = {February},
 number = {2},
 pages = {178},
 primaryclass = {astro-ph.SR},
 title = {{The Orion Protostellar Explosion and Runaway Stars Revisited: Stellar Masses, Disk Retention, and an Outflow from the Becklin─Neugebauer Object}},
 volume = {889},
 year = {2020}
}

@article{Barnes2019,
 adsnote = {Provided by the SAO/NASA Astrophysics Data System},
 adsurl = {https://ui.adsabs.harvard.edu/abs/2019MNRAS.486..283B},
 archiveprefix = {arXiv},
 author = {{Barnes}, A.~T. and {Longmore}, S.~N. and {Avison}, A. and
{Contreras}, Y. and {\myname{Ginsburg}}, A. and {Henshaw}, J.~D. and
{Rathborne}, J.~M. and {Walker}, D.~L. and {Alves}, J. and {Bally}, J. and
{Battersby}, C. and {Beltr{\'a}n}, M.~T. and {Beuther}, H. and
{Garay}, G. and {Gomez}, L. and {Jackson}, J. and {Kainulainen}, J. and
{Kruijssen}, J.~M.~D. and {Lu}, X. and {Mills}, E.~A.~C. and {Ott}, J. and
{Peters}, T.},
 doi = {10.1093/mnras/stz796},
 eprint = {1903.06158},
 journal = {\mnras},
 keywords = {stars: formation, ISM: clouds, Galaxy: centre, Astrophysics - Astrophysics of Galaxies},
 month = {June},
 number = {1},
 pages = {283-303},
 primaryclass = {astro-ph.GA},
 title = {{Young massive star cluster formation in the Galactic Centre is driven by global gravitational collapse of high-mass molecular clouds}},
 volume = {486},
 year = {2019}
}

@article{Battersby2010,
 adsnote = {Provided by the SAO/NASA Astrophysics Data System},
 adsurl = {https://ui.adsabs.harvard.edu/abs/2010ApJ...721..222B},
 archiveprefix = {arXiv},
 author = {{Battersby}, Cara and {Bally}, John and {Jackson}, James M. and
{\myname{Ginsburg}}, Adam and {Shirley}, Yancy L. and {Schlingman}, Wayne and
{Glenn}, Jason},
 doi = {10.1088/0004-637X/721/1/222},
 eprint = {1008.0871},
 journal = {\apj},
 keywords = {dust, extinction, ISM: clouds, stars: formation, stars: pre-main sequence, Astrophysics - Astrophysics of Galaxies},
 month = {September},
 number = {1},
 pages = {222-250},
 primaryclass = {astro-ph.GA},
 title = {{An Infrared Through Radio Study of the Properties and Evolution of IRDC Clumps}},
 volume = {721},
 year = {2010}
}

@article{Battersby2011,
 adsnote = {Provided by the SAO/NASA Astrophysics Data System},
 adsurl = {https://ui.adsabs.harvard.edu/abs/2011A&A...535A.128B},
 archiveprefix = {arXiv},
 author = {{Battersby}, C. and {Bally}, J. and {\myname{Ginsburg}}, A. and
{Bernard}, J. -P. and {Brunt}, C. and {Fuller}, G.~A. and {Martin}, P. and
{Molinari}, S. and {Mottram}, J. and {Peretto}, N. and {Testi}, L. and
{Thompson}, M.~A.},
 doi = {10.1051/0004-6361/201116559},
 eid = {A128},
 eprint = {1101.4654},
 journal = {\aap},
 keywords = {stars: formation, dust, extinction, Galaxy: structure, Astrophysics - Astrophysics of Galaxies},
 month = {November},
 pages = {A128},
 primaryclass = {astro-ph.GA},
 title = {{Characterizing precursors to stellar clusters with Herschel}},
 volume = {535},
 year = {2011}
}

@article{Battersby2014a,
 adsnote = {Provided by the SAO/NASA Astrophysics Data System},
 adsurl = {https://ui.adsabs.harvard.edu/abs/2014ApJ...787..113B},
 archiveprefix = {arXiv},
 author = {{Battersby}, Cara and {\myname{Ginsburg}}, Adam and {Bally}, John and
{Longmore}, Steve and {Dunham}, Miranda and {Darling}, Jeremy},
 doi = {10.1088/0004-637X/787/2/113},
 eid = {113},
 eprint = {1405.3286},
 journal = {\apj},
 keywords = {dust, extinction, H II regions, ISM: kinematics and dynamics, radio lines: ISM, stars: formation, Astrophysics - Astrophysics of Galaxies},
 month = {June},
 number = {2},
 pages = {113},
 primaryclass = {astro-ph.GA},
 title = {{The Onset of Massive Star Formation: The Evolution of Temperature and Density Structure in an Infrared Dark Cloud}},
 volume = {787},
 year = {2014}
}

@article{Battersby2014b,
 adsnote = {Provided by the SAO/NASA Astrophysics Data System},
 adsurl = {https://ui.adsabs.harvard.edu/abs/2014ApJ...786..116B},
 archiveprefix = {arXiv},
 author = {{Battersby}, Cara and {Bally}, John and {Dunham}, Miranda and
{\myname{Ginsburg}}, Adam and {Longmore}, Steve and {Darling}, Jeremy},
 doi = {10.1088/0004-637X/786/2/116},
 eid = {116},
 eprint = {1405.3308},
 journal = {\apj},
 keywords = {dust, extinction, evolution, ISM: abundances, ISM: molecules, stars: formation, Astrophysics - Astrophysics of Galaxies},
 month = {May},
 number = {2},
 pages = {116},
 primaryclass = {astro-ph.GA},
 title = {{The Comparison of Physical Properties Derived from Gas and Dust in a Massive Star-forming Region}},
 volume = {786},
 year = {2014}
}

@article{Battersby2020,
 adsnote = {Provided by the SAO/NASA Astrophysics Data System},
 adsurl = {https://ui.adsabs.harvard.edu/abs/2020ApJS..249...35B},
 archiveprefix = {arXiv},
 author = {{Battersby}, Cara and {Keto}, Eric and {Walker}, Daniel and
{Barnes}, Ashley and {Callanan}, Daniel and {\myname{Ginsburg}}, Adam and
{Hatchfield}, H. Perry and {Henshaw}, Jonathan and {Kauffmann}, Jens and
{Kruijssen}, J.~M. Diederik and {Longmore}, Steven N. and {Lu}, Xing and
{Mills}, Elisabeth A.~C. and {Pillai}, Thushara and {Zhang}, Qizhou and
{Bally}, John and {Butterfield}, Natalie and {Contreras}, Yanett A. and
{Ho}, Luis C. and {Ott}, J{\"u}rgen and {Patel}, Nimesh and
{Tolls}, Volker},
 doi = {10.3847/1538-4365/aba18e},
 eid = {35},
 eprint = {2007.05023},
 journal = {\apjs},
 keywords = {Star formation, Galactic center, Submillimeter astronomy, Star-forming regions, Dense interstellar clouds, Molecular clouds, Infrared dark clouds, Protostars, Interferometry, 1569, 565, 1647, 1565, 371, 1072, 787, 1302, 808, Astrophysics - Astrophysics of Galaxies},
 month = {August},
 number = {2},
 pages = {35},
 primaryclass = {astro-ph.GA},
 title = {{CMZoom: Survey Overview and First Data Release}},
 volume = {249},
 year = {2020}
}

@article{Bressert2012,
 adsnote = {Provided by the SAO/NASA Astrophysics Data System},
 adsurl = {https://ui.adsabs.harvard.edu/abs/2012ApJ...758L..28B},
 archiveprefix = {arXiv},
 author = {{Bressert}, E. and {\myname{Ginsburg}}, A. and {Bally}, J. and {Battersby}, C. and
{Longmore}, S. and {Testi}, L.},
 doi = {10.1088/2041-8205/758/2/L28},
 eid = {L28},
 eprint = {1208.3472},
 journal = {\apjl},
 keywords = {galaxies: clusters: general, H II regions, ISM: bubbles, stars: formation, stars: massive, Astrophysics - Astrophysics of Galaxies, Astrophysics - Solar and Stellar Astrophysics},
 month = {October},
 number = {2},
 pages = {L28},
 primaryclass = {astro-ph.GA},
 title = {{How to Find Young Massive Cluster Progenitors}},
 volume = {758},
 year = {2012}
}

@article{Butterfield2020,
 adsnote = {Provided by the SAO/NASA Astrophysics Data System},
 adsurl = {https://ui.adsabs.harvard.edu/abs/2020ApJ...889..174B},
 archiveprefix = {arXiv},
 author = {{Butterfield}, Natalie O. and {\myname{Ginsburg}}, Adam and
{Ludovici}, Dominic A. and {Barnes}, Ashley and {Dunnagan}, Riley and
{Lang}, Cornelia C. and {Morris}, Mark R.},
 doi = {10.3847/1538-4357/ab5af8},
 eid = {174},
 eprint = {1911.10997},
 journal = {\apj},
 keywords = {Astrophysics - Astrophysics of Galaxies},
 month = {February},
 number = {2},
 pages = {174},
 primaryclass = {astro-ph.GA},
 title = {{6.7 GHz CH$_{3}$OH Absorption toward the N3 Galactic Center Point Source}},
 volume = {889},
 year = {2020}
}

@article{Chen2019,
 adsnote = {Provided by the SAO/NASA Astrophysics Data System},
 adsurl = {https://ui.adsabs.harvard.edu/abs/2019ApJ...877...93C},
 archiveprefix = {arXiv},
 author = {{Chen}, Hope How-Huan and {Pineda}, Jaime E. and {Goodman}, Alyssa A. and
{Burkert}, Andreas and {Offner}, Stella S.~R. and {Friesen}, Rachel K. and
{Myers}, Philip C. and {Alves}, Felipe and {Arce}, H{\'e}ctor G. and
{Caselli}, Paola and {Chac{\'o}n-Tanarro}, Ana and
{Chen}, Michael Chun-Yuan and {Di Francesco}, James and
{\myname{Ginsburg}}, Adam and {Keown}, Jared and {Kirk}, Helen and
{Martin}, Peter G. and {Matzner}, Christopher and {Punanova}, Anna and
{Redaelli}, Elena and {Rosolowsky}, Erik and {Scibelli}, Samantha and
{Seo}, Youngmin and {Shirley}, Yancy and {Singh}, Ayushi and
{GAS Collaboration}},
 doi = {10.3847/1538-4357/ab1a40},
 eid = {93},
 eprint = {1809.10223},
 journal = {\apj},
 keywords = {ISM: clouds, ISM: individual objects: L1688, B18, ISM: kinematics and dynamics, magnetohydrodynamics: MHD, radio lines: ISM, stars: formation, Astrophysics - Astrophysics of Galaxies},
 month = {June},
 number = {2},
 pages = {93},
 primaryclass = {astro-ph.GA},
 title = {{Droplets. I. Pressure-dominated Coherent Structures in L1688 and B18}},
 volume = {877},
 year = {2019}
}

@article{Chen2020,
 adsnote = {Provided by the SAO/NASA Astrophysics Data System},
 adsurl = {https://ui.adsabs.harvard.edu/abs/2020MNRAS.494.1971C},
 archiveprefix = {arXiv},
 author = {{Chen}, Che-Yu and {Behrens}, Erica A. and {Washington}, Jasmin E. and
{Fissel}, Laura M. and {Friesen}, Rachel K. and {Li}, Zhi-Yun and
{Pineda}, Jaime E. and {\myname{Ginsburg}}, Adam and {Kirk}, Helen and
{Scibelli}, Samantha and {Alves}, Felipe and {Redaelli}, Elena and
{Caselli}, Paola and {Punanova}, Anna and {Di Francesco}, James and
{Rosolowsky}, Erik and {Offner}, Stella S.~R. and {Martin}, Peter G. and
{Chac{\'o}n-Tanarro}, Ana and {Chen}, Hope H. -H. and
{Chen}, Michael C. -Y. and {Keown}, Jared and {Seo}, Youngmin and
{Shirley}, Yancy and {Arce}, Hector G. and {Goodman}, Alyssa A. and
{Matzner}, Christopher D. and {Myers}, Philip C. and {Singh}, Ayushi},
 doi = {10.1093/mnras/staa835},
 eprint = {2003.11033},
 journal = {\mnras},
 keywords = {MHD, polarization, stars: formation, ISM: magnetic fields, ISM: structure, Astrophysics - Astrophysics of Galaxies, Astrophysics - Solar and Stellar Astrophysics},
 month = {March},
 number = {2},
 pages = {1971-1987},
 primaryclass = {astro-ph.GA},
 title = {{Relative alignment between dense molecular cores and ambient magnetic field: the synergy of numerical models and observations}},
 volume = {494},
 year = {2020}
}

@article{Choudhury2020,
 adsnote = {Provided by the SAO/NASA Astrophysics Data System},
 adsurl = {https://ui.adsabs.harvard.edu/abs/2020A&A...640L...6C},
 archiveprefix = {arXiv},
 author = {{Choudhury}, Spandan and {Pineda}, Jaime E. and {Caselli}, Paola and
{\myname{Ginsburg}}, Adam and {Offner}, Stella S.~R. and {Rosolowsky}, Erik and
{Friesen}, Rachel K. and {Alves}, Felipe O. and
{Chac{\'o}n-Tanarro}, Ana and {Punanova}, Anna and {Redaelli}, Elena and
{Kirk}, Helen and {Myers}, Philip C. and {Martin}, Peter G. and
{Shirley}, Yancy and {Chun-Yuan Chen}, Michael and
{Goodman}, Alyssa A. and {Di Francesco}, James},
 doi = {10.1051/0004-6361/202037955},
 eid = {L6},
 eprint = {2007.07149},
 journal = {\aap},
 keywords = {ISM: kinematics and dynamics, ISM: molecules, stars: formation, ISM: individual objects: L1688, Ophiuchus, Astrophysics - Astrophysics of Galaxies},
 month = {August},
 pages = {L6},
 primaryclass = {astro-ph.GA},
 title = {{Ubiquitous NH$_{3}$ supersonic component in L1688 coherent cores}},
 volume = {640},
 year = {2020}
}

@article{Colombo2015,
 adsnote = {Provided by the SAO/NASA Astrophysics Data System},
 adsurl = {https://ui.adsabs.harvard.edu/abs/2015MNRAS.454.2067C},
 archiveprefix = {arXiv},
 author = {{Colombo}, D. and {Rosolowsky}, E. and {\myname{Ginsburg}}, A. and
{Duarte-Cabral}, A. and {Hughes}, A.},
 doi = {10.1093/mnras/stv2063},
 eprint = {1510.04253},
 journal = {\mnras},
 keywords = {methods: analytical, methods: data analysis, techniques: image processing, ISM: clouds, ISM: structure, Astrophysics - Astrophysics of Galaxies},
 month = {December},
 number = {2},
 pages = {2067-2091},
 primaryclass = {astro-ph.GA},
 title = {{Graph-based interpretation of the molecular interstellar medium segmentation}},
 volume = {454},
 year = {2015}
}

@article{Colombo2019,
 adsnote = {Provided by the SAO/NASA Astrophysics Data System},
 adsurl = {https://ui.adsabs.harvard.edu/abs/2019MNRAS.483.4291C},
 archiveprefix = {arXiv},
 author = {{Colombo}, D. and {Rosolowsky}, E. and {Duarte-Cabral}, A. and
{\myname{Ginsburg}}, A. and {Glenn}, J. and {Zetterlund}, E. and {Hernand
ez}, A.~K. and {Dempsey}, J. and {Currie}, M.~J.},
 doi = {10.1093/mnras/sty3283},
 eprint = {1812.04688},
 journal = {\mnras},
 keywords = {methods: analytical, techniques: image processing, ISM: clouds, ISM: structure, Astrophysics - Astrophysics of Galaxies},
 month = {March},
 number = {4},
 pages = {4291-4340},
 primaryclass = {astro-ph.GA},
 title = {{The integrated properties of the molecular clouds from the JCMT CO(3-2) High-Resolution Survey}},
 volume = {483},
 year = {2019}
}

@article{Dunham2010,
 adsnote = {Provided by the SAO/NASA Astrophysics Data System},
 adsurl = {https://ui.adsabs.harvard.edu/abs/2010ApJ...717.1157D},
 archiveprefix = {arXiv},
 author = {{Dunham}, Miranda K. and {Rosolowsky}, Erik and {Evans}, Neal J., II and
{Cyganowski}, Claudia J. and {Aguirre}, James and {Bally}, John and
{Battersby}, Cara and {Bradley}, Eric Todd and {Dowell}, Darren and
{Drosback}, Meredith and {\myname{Ginsburg}}, Adam and {Glenn}, Jason and
{Harvey}, Paul and {Merello}, Manuel and {Schlingman}, Wayne and
{Shirley}, Yancy L. and {Stringfellow}, Guy S. and {Walawender}, Josh and
{Williams}, Jonathan P.},
 doi = {10.1088/0004-637X/717/2/1157},
 eprint = {1005.4969},
 journal = {\apj},
 keywords = {dust, extinction, ISM: clouds, ISM: individual objects: Gem OB1, radio lines: ISM, stars: formation, Astrophysics - Astrophysics of Galaxies},
 month = {July},
 number = {2},
 pages = {1157-1180},
 primaryclass = {astro-ph.GA},
 title = {{The Bolocam Galactic Plane Survey. III. Characterizing Physical Properties of Massive Star-forming Regions in the Gemini OB1 Molecular Cloud}},
 volume = {717},
 year = {2010}
}

@article{Eisner2016,
 adsnote = {Provided by the SAO/NASA Astrophysics Data System},
 adsurl = {https://ui.adsabs.harvard.edu/abs/2016ApJ...826...16E},
 archiveprefix = {arXiv},
 author = {{Eisner}, J.~A. and {Bally}, J.~M. and {\myname{Ginsburg}}, A. and
{Sheehan}, P.~D.},
 doi = {10.3847/0004-637X/826/1/16},
 eid = {16},
 eprint = {1604.03134},
 journal = {\apj},
 keywords = {open clusters and associations: individual: Orion, planetary systems, stars: pre-main sequence, Astrophysics - Solar and Stellar Astrophysics},
 month = {July},
 number = {1},
 pages = {16},
 primaryclass = {astro-ph.SR},
 title = {{Protoplanetary Disks in the Orion OMC1 Region Imaged with ALMA}},
 volume = {826},
 year = {2016}
}

@article{Ellsworth-Bowers2013,
 adsnote = {Provided by the SAO/NASA Astrophysics Data System},
 adsurl = {https://ui.adsabs.harvard.edu/abs/2013ApJ...770...39E},
 archiveprefix = {arXiv},
 author = {{Ellsworth-Bowers}, Timothy P. and {Glenn}, Jason and
{Rosolowsky}, Erik and {Mairs}, Steven and {Evans}, Neal J., II and
{Battersby}, Cara and {\myname{Ginsburg}}, Adam and {Shirley}, Yancy L. and
{Bally}, John},
 doi = {10.1088/0004-637X/770/1/39},
 eid = {39},
 eprint = {1304.4597},
 journal = {\apj},
 keywords = {dust, extinction, Galaxy: kinematics and dynamics, Galaxy: structure, infrared: ISM, ISM: clouds, stars: formation, Astrophysics - Galaxy Astrophysics},
 month = {June},
 number = {1},
 pages = {39},
 primaryclass = {astro-ph.GA},
 title = {{The Bolocam Galactic Plane Survey. VIII. A Mid-infrared Kinematic Distance Discrimination Method}},
 volume = {770},
 year = {2013}
}

@article{Ellsworth-Bowers2015a,
 adsnote = {Provided by the SAO/NASA Astrophysics Data System},
 adsurl = {https://ui.adsabs.harvard.edu/abs/2015ApJ...805..157E},
 archiveprefix = {arXiv},
 author = {{Ellsworth-Bowers}, Timothy P. and {Glenn}, Jason and {Riley}, Allyssa and
{Rosolowsky}, Erik and {\myname{Ginsburg}}, Adam and {Evans}, Neal J., II and
{Bally}, John and {Battersby}, Cara and {Shirley}, Yancy L. and
{Merello}, Manuel},
 doi = {10.1088/0004-637X/805/2/157},
 eid = {157},
 eprint = {1504.01388},
 journal = {\apj},
 keywords = {Galaxy: structure, ISM: clouds, submillimeter: ISM, stars: formation, Astrophysics - Astrophysics of Galaxies},
 month = {June},
 number = {2},
 pages = {157},
 primaryclass = {astro-ph.GA},
 title = {{The Bolocam Galactic Plane Survey. XIII. Physical Properties and Mass Functions of Dense Molecular Cloud Structures}},
 volume = {805},
 year = {2015}
}

@article{Ellsworth-Bowers2015b,
 adsnote = {Provided by the SAO/NASA Astrophysics Data System},
 adsurl = {https://ui.adsabs.harvard.edu/abs/2015ApJ...799...29E},
 archiveprefix = {arXiv},
 author = {{Ellsworth-Bowers}, Timothy P. and {Rosolowsky}, Erik and
{Glenn}, Jason and {\myname{Ginsburg}}, Adam and {Evans}, Neal J., II and
{Battersby}, Cara and {Shirley}, Yancy L. and {Svoboda}, Brian},
 doi = {10.1088/0004-637X/799/1/29},
 eid = {29},
 eprint = {1411.2591},
 journal = {\apj},
 keywords = {Galaxy: kinematics and dynamics, Galaxy: structure, ISM: clouds, methods: data analysis, stars: formation, submillimeter: ISM, Astrophysics - Astrophysics of Galaxies},
 month = {January},
 number = {1},
 pages = {29},
 primaryclass = {astro-ph.GA},
 title = {{The Bolocam Galactic Plane Survey. XII. Distance Catalog Expansion Using Kinematic Isolation of Dense Molecular Cloud Structures with $^{13}$CO(1-0)}},
 volume = {799},
 year = {2015}
}

@article{Fallscheer2013,
 adsnote = {Provided by the SAO/NASA Astrophysics Data System},
 adsurl = {https://ui.adsabs.harvard.edu/abs/2013ApJ...773..102F},
 archiveprefix = {arXiv},
 author = {{Fallscheer}, C. and {Reid}, M.~A. and {Di Francesco}, J. and
{Martin}, P.~G. and {Hill}, T. and {Hennemann}, M. and
{Nguyen-Luong}, Q. and {Motte}, F. and {Men'shchikov}, A. and
{Andr{\'e}}, Ph. and {Ward-Thompson}, D. and {Griffin}, M. and
{Kirk}, J. and {Konyves}, V. and {Rygl}, K.~L.~J. and {Sadavoy}, S. and
{Sauvage}, M. and {Schneider}, N. and {Anderson}, L.~D. and
{Benedettini}, M. and {Bernard}, J. -P. and {Bontemps}, S. and
{\myname{Ginsburg}}, A. and {Molinari}, S. and {Polychroni}, D. and
{Rivera-Ingraham}, A. and {Roussel}, H. and {Testi}, L. and
{White}, G. and {Williams}, J.~P. and {Wilson}, C.~D. and {Wong}, M. and
{Zavagno}, A.},
 doi = {10.1088/0004-637X/773/2/102},
 eid = {102},
 eprint = {1307.0022},
 journal = {\apj},
 keywords = {ISM: bubbles, ISM: clouds, ISM: general, ISM: individual objects: NGC 7538, ISM: structure, stars: formation, Astrophysics - Solar and Stellar Astrophysics, Astrophysics - Astrophysics of Galaxies},
 month = {August},
 number = {2},
 pages = {102},
 primaryclass = {astro-ph.SR},
 title = {{Herschel Reveals Massive Cold Clumps in NGC 7538}},
 volume = {773},
 year = {2013}
}

@article{Friesen2017,
 adsnote = {Provided by the SAO/NASA Astrophysics Data System},
 adsurl = {https://ui.adsabs.harvard.edu/abs/2017ApJ...843...63F},
 archiveprefix = {arXiv},
 author = {{Friesen}, Rachel K. and {Pineda}, Jaime E. and {co-PIs} and
{Rosolowsky}, Erik and {Alves}, Felipe and {Chac{\'o}n-Tanarro}, Ana and
{How-Huan Chen}, Hope and {Chun-Yuan Chen}, Michael and
{Di Francesco}, James and {Keown}, Jared and {Kirk}, Helen and
{Punanova}, Anna and {Seo}, Youngmin and {Shirley}, Yancy and
{\myname{Ginsburg}}, Adam and {Hall}, Christine and {Offner}, Stella S.~R. and
{Singh}, Ayushi and {Arce}, H{\'e}ctor G. and {Caselli}, Paola and
{Goodman}, Alyssa A. and {Martin}, Peter G. and {Matzner}, Christopher and
{Myers}, Philip C. and {Redaelli}, Elena and {GAS Collaboration}},
 doi = {10.3847/1538-4357/aa6d58},
 eid = {63},
 eprint = {1704.06318},
 journal = {\apj},
 keywords = {ISM: individual objects: L1668, B18, OrionA molecular complex, NGC1333, ISM: molecules, stars: formation, Astrophysics - Astrophysics of Galaxies, Astrophysics - Solar and Stellar Astrophysics},
 month = {July},
 number = {1},
 pages = {63},
 primaryclass = {astro-ph.GA},
 title = {{The Green Bank Ammonia Survey: First Results of NH$_{3}$ Mapping of the Gould Belt}},
 volume = {843},
 year = {2017}
}

@article{Galametz2016,
 adsnote = {Provided by the SAO/NASA Astrophysics Data System},
 adsurl = {https://ui.adsabs.harvard.edu/abs/2016MNRAS.462L..36G},
 archiveprefix = {arXiv},
 author = {{Galametz}, M. and {Zhang}, Z. -Y. and {Immer}, K. and {Humphreys}, E. and
{Aladro}, R. and {De Breuck}, C. and {\myname{Ginsburg}}, A. and
{Madden}, S.~C. and {M{\o}ller}, P. and {Arumugam}, V.},
 doi = {10.1093/mnrasl/slw122},
 eprint = {1606.06225},
 journal = {\mnras},
 keywords = {ISM: molecules, galaxies: individual: Arp 220, galaxies: ISM, galaxies: starburst, Astrophysics - Astrophysics of Galaxies},
 month = {October},
 number = {1},
 pages = {L36-L40},
 primaryclass = {astro-ph.GA},
 title = {{Water, methanol and dense gas tracers in the local ULIRG Arp 220: results from the new SEPIA Band 5 Science Verification campaign}},
 volume = {462},
 year = {2016}
}

@inproceedings{Galvan-Madrid2018,
 adsnote = {Provided by the SAO/NASA Astrophysics Data System},
 adsurl = {https://ui.adsabs.harvard.edu/abs/2018ASPC..517..309G},
 archiveprefix = {arXiv},
 author = {{Galv{\'a}n-Madrid}, R. and {Beltr{\'a}n}, M. and {\myname{Ginsburg}}, A. and
{Carrasco-Gonz{\'a}lez}, C. and {Liu}, H.~B. and
{Rodr{\'\i}guez}, L.~F. and {Kurtz}, S.},
 booktitle = {Science with a Next Generation Very Large Array},
 editor = {{Murphy}, Eric},
 eprint = {1806.10225},
 keywords = {Astrophysics - Astrophysics of Galaxies, Astrophysics - Instrumentation and Methods for Astrophysics, Astrophysics - Solar and Stellar Astrophysics},
 month = {December},
 pages = {309},
 primaryclass = {astro-ph.GA},
 series = {Astronomical Society of the Pacific Conference Series},
 title = {{Resolving the Structure and Kinematics of the Youngest HII Regions and Radio Jets from Young Stellar Objects}},
 volume = {517},
 year = {2018}
}

@article{Ginsburg2009,
 adsnote = {Provided by the SAO/NASA Astrophysics Data System},
 adsurl = {https://ui.adsabs.harvard.edu/abs/2009ApJ...707..310G},
 archiveprefix = {arXiv},
 author = {{\myname{Ginsburg}}, Adam G. and {Bally}, John and {Yan}, Chi-Hung and
{Williams}, Jonathan P.},
 doi = {10.1088/0004-637X/707/1/310},
 eprint = {0910.2990},
 journal = {\apj},
 keywords = {ISM: Herbig-Haro objects, ISM: individual: S233IR, ISM: jets and outflows, ISM: kinematics and dynamics, stars: formation, Astrophysics - Galaxy Astrophysics},
 month = {December},
 number = {1},
 pages = {310-327},
 primaryclass = {astro-ph.GA},
 title = {{Outflows and Massive Stars in the Protocluster IRAS 05358+3543}},
 volume = {707},
 year = {2009}
}

@article{Ginsburg2011a,
 adsnote = {Provided by the SAO/NASA Astrophysics Data System},
 adsurl = {https://ui.adsabs.harvard.edu/abs/2011MNRAS.418.2121G},
 archiveprefix = {arXiv},
 author = {{\myname{Ginsburg}}, Adam and {Bally}, John and {Williams}, Jonathan P.},
 doi = {10.1111/j.1365-2966.2011.19279.x},
 eprint = {1106.1433},
 journal = {\mnras},
 keywords = {stars: formation, ISM: individual objects: W5, ISM: jets and outflows, ISM: kinematics and dynamics, Astrophysics - Astrophysics of Galaxies},
 month = {December},
 number = {4},
 pages = {2121-2144},
 primaryclass = {astro-ph.GA},
 title = {{JCMT HARP CO 3-2 observations of molecular outflows in W5}},
 volume = {418},
 year = {2011}
}

@article{Ginsburg2011b,
 adsnote = {Provided by the SAO/NASA Astrophysics Data System},
 adsurl = {https://ui.adsabs.harvard.edu/abs/2011ApJ...736..149G},
 archiveprefix = {arXiv},
 author = {{\myname{Ginsburg}}, Adam and {Darling}, Jeremy and {Battersby}, Cara and
{Zeiger}, Ben and {Bally}, John},
 doi = {10.1088/0004-637X/736/2/149},
 eid = {149},
 eprint = {1106.1430},
 journal = {\apj},
 keywords = {H II regions, ISM: molecules, stars: formation, Astrophysics - Galaxy Astrophysics},
 month = {August},
 number = {2},
 pages = {149},
 primaryclass = {astro-ph.GA},
 title = {{Galactic H$_{2}$CO Densitometry. I. Pilot Survey of Ultracompact H II Regions and Methodology}},
 volume = {736},
 year = {2011}
}

@article{Ginsburg2012,
 adsnote = {Provided by the SAO/NASA Astrophysics Data System},
 adsurl = {https://ui.adsabs.harvard.edu/abs/2012ApJ...758L..29G},
 archiveprefix = {arXiv},
 author = {{\myname{Ginsburg}}, A. and {Bressert}, E. and {Bally}, J. and {Battersby}, C.},
 doi = {10.1088/2041-8205/758/2/L29},
 eid = {L29},
 eprint = {1208.4097},
 journal = {\apjl},
 keywords = {galaxies: star clusters: general, ISM: clouds, open clusters and associations: general, stars: formation, Astrophysics - Astrophysics of Galaxies},
 month = {October},
 number = {2},
 pages = {L29},
 primaryclass = {astro-ph.GA},
 title = {{There are No Starless Massive Proto-clusters in the First Quadrant of the Galaxy}},
 volume = {758},
 year = {2012}
}

@article{Ginsburg2013a,
 adsnote = {Provided by the SAO/NASA Astrophysics Data System},
 adsurl = {https://ui.adsabs.harvard.edu/abs/2013ApJ...779...50G},
 archiveprefix = {arXiv},
 author = {{\myname{Ginsburg}}, Adam and {Federrath}, Christoph and {Darling}, Jeremy},
 doi = {10.1088/0004-637X/779/1/50},
 eid = {50},
 eprint = {1310.0809},
 journal = {\apj},
 keywords = {stars: formation, turbulence, Astrophysics - Astrophysics of Galaxies},
 month = {December},
 number = {1},
 pages = {50},
 primaryclass = {astro-ph.GA},
 title = {{A Measurement of the Turbulence-driven Density Distribution in a Non-star-forming Molecular Cloud}},
 volume = {779},
 year = {2013}
}

@article{Ginsburg2013b,
 adsnote = {Provided by the SAO/NASA Astrophysics Data System},
 adsurl = {https://ui.adsabs.harvard.edu/abs/2013ApJS..208...14G},
 archiveprefix = {arXiv},
 author = {{\myname{Ginsburg}}, Adam and {Glenn}, Jason and {Rosolowsky}, Erik and
{Ellsworth-Bowers}, Timothy P. and {Battersby}, Cara and {Dunham}, Mirand
a and {Merello}, Manuel and {Shirley}, Yancy and {Bally}, John and
{Evans}, Neal J., II and {Stringfellow}, Guy and {Aguirre}, James},
 doi = {10.1088/0067-0049/208/2/14},
 eid = {14},
 eprint = {1305.6622},
 journal = {\apjs},
 keywords = {catalogs, dust, extinction, Galaxy: structure, stars: formation, submillimeter: ISM, surveys, techniques: image processing, Astrophysics - Astrophysics of Galaxies},
 month = {October},
 number = {2},
 pages = {14},
 primaryclass = {astro-ph.GA},
 title = {{The Bolocam Galactic Plane Survey. IX. Data Release 2 and Outer Galaxy Extension}},
 volume = {208},
 year = {2013}
}

@phdthesis{Ginsburg2013c,
 adsnote = {Provided by the SAO/NASA Astrophysics Data System},
 adsurl = {https://ui.adsabs.harvard.edu/abs/2013PhDT.......141G},
 author = {{\myname{Ginsburg}}, Adam G.},
 keywords = {Physics, Astrophysics},
 month = {January},
 school = {University of Colorado at Boulder},
 title = {{Surveying Star Formation in the Galaxy}},
 year = {2013}
}

@article{Ginsburg2015a,
 adsnote = {Provided by the SAO/NASA Astrophysics Data System},
 adsurl = {https://ui.adsabs.harvard.edu/abs/2015A&A...584L...7G},
 archiveprefix = {arXiv},
 author = {{\myname{Ginsburg}}, Adam and {Walsh}, Andrew and {Henkel}, Christian and
{Jones}, Paul A. and {Cunningham}, Maria and {Kauffmann}, Jens and
{Pillai}, Thushara and {Mills}, Elisabeth A.~C. and {Ott}, Juergen and
{Kruijssen}, J.~M. Diederik and {Menten}, Karl M. and
{Battersby}, Cara and {Rathborne}, Jill and {Contreras}, Yanett and
{Longmore}, Steven and {Walker}, Daniel and {Dawson}, Joanne and
{Lopez}, John A.~P.},
 doi = {10.1051/0004-6361/201527452},
 eid = {L7},
 eprint = {1510.06401},
 journal = {\aap},
 keywords = {radio lines: ISM, Galaxy: center, ISM: clouds, ISM: molecules, ISM: individual objects: G0.38+0.04, masers, Astrophysics - Astrophysics of Galaxies},
 month = {December},
 pages = {L7},
 primaryclass = {astro-ph.GA},
 title = {{High-mass star-forming cloud G0.38+0.04 in the Galactic center dust ridge contains H$_{2}$CO and SiO masers}},
 volume = {584},
 year = {2015}
}

@article{Ginsburg2015b,
 adsnote = {Provided by the SAO/NASA Astrophysics Data System},
 adsurl = {https://ui.adsabs.harvard.edu/abs/2015A&A...573A.106G},
 archiveprefix = {arXiv},
 author = {{\myname{Ginsburg}}, Adam and {Bally}, John and {Battersby}, Cara and
{Youngblood}, Allison and {Darling}, Jeremy and {Rosolowsky}, Erik and
{Arce}, H{\'e}ctor and {Lebr{\'o}n Santos}, Mayra E.},
 doi = {10.1051/0004-6361/201424979},
 eid = {A106},
 eprint = {1411.1756},
 journal = {\aap},
 keywords = {turbulence, ISM: clouds, HII regions, ISM: molecules, ISM: structure, radio lines: ISM, Astrophysics - Astrophysics of Galaxies},
 month = {January},
 pages = {A106},
 primaryclass = {astro-ph.GA},
 title = {{The dense gas mass fraction in the W51 cloud and its protoclusters}},
 volume = {573},
 year = {2015}
}

@article{Ginsburg2016a,
 adsnote = {Provided by the SAO/NASA Astrophysics Data System},
 adsurl = {https://ui.adsabs.harvard.edu/abs/2016A&A...595A..27G},
 archiveprefix = {arXiv},
 author = {{\myname{Ginsburg}}, A. and {Goss}, W.~M. and {Goddi}, C. and
{Galv{\'a}n-Madrid}, R. and {Dale}, J.~E. and {Bally}, J. and
{Battersby}, C.~D. and {Youngblood}, A. and {Sankrit}, R. and
{Smith}, R. and {Darling}, J. and {Kruijssen}, J.~M.~D. and
{Liu}, H.~B.},
 doi = {10.1051/0004-6361/201628318},
 eid = {A27},
 eprint = {1605.09402},
 journal = {\aap},
 keywords = {Hiiregions, circumstellar matter, radio continuum: ISM, radio lines: ISM, stars: massive, stars: protostars, Astrophysics - Astrophysics of Galaxies},
 month = {October},
 pages = {A27},
 primaryclass = {astro-ph.GA},
 title = {{Toward gas exhaustion in the W51 high-mass protoclusters}},
 volume = {595},
 year = {2016}
}

@article{Ginsburg2016b,
 adsnote = {Provided by the SAO/NASA Astrophysics Data System},
 adsurl = {https://ui.adsabs.harvard.edu/abs/2016A&A...586A..50G},
 archiveprefix = {arXiv},
 author = {{\myname{Ginsburg}}, Adam and {Henkel}, Christian and {Ao}, Yiping and
{Riquelme}, Denise and {Kauffmann}, Jens and {Pillai}, Thushara and
{Mills}, Elisabeth A.~C. and {Requena-Torres}, Miguel A. and
{Immer}, Katharina and {Testi}, Leonardo and {Ott}, Juergen and
{Bally}, John and {Battersby}, Cara and {Darling}, Jeremy and
{Aalto}, Susanne and {Stanke}, Thomas and {Kendrew}, Sarah and
{Kruijssen}, J.~M. Diederik and {Longmore}, Steven and {Dale}, James and
{Guesten}, Rolf and {Menten}, Karl M.},
 doi = {10.1051/0004-6361/201526100},
 eid = {A50},
 eprint = {1509.01583},
 journal = {\aap},
 keywords = {Galaxy: center, ISM: molecules, ISM: structure, Galaxy: nucleus, cosmic rays, ISM: clouds, Astrophysics - Astrophysics of Galaxies},
 month = {February},
 pages = {A50},
 primaryclass = {astro-ph.GA},
 title = {{Dense gas in the Galactic central molecular zone is warm and heated by turbulence}},
 volume = {586},
 year = {2016}
}

@article{Ginsburg2017,
 adsnote = {Provided by the SAO/NASA Astrophysics Data System},
 adsurl = {https://ui.adsabs.harvard.edu/abs/2017ApJ...842...92G},
 archiveprefix = {arXiv},
 author = {{\myname{Ginsburg}}, Adam and {Goddi}, Ciriaco and {Kruijssen}, J.~M. Diederik and
{Bally}, John and {Smith}, Rowan and {Galv{\'a}n-Madrid}, Roberto and
{Mills}, Elisabeth A.~C. and {Wang}, Ke and {Dale}, James E. and
{Darling}, Jeremy and {Rosolowsky}, Erik and {Loughnane}, Robert and
{Testi}, Leonardo and {Bastian}, Nate},
 doi = {10.3847/1538-4357/aa6bfa},
 eid = {92},
 eprint = {1704.01434},
 journal = {\apj},
 keywords = {H II regions, ISM: abundances, ISM: clouds, ISM: individual objects: W51, stars: formation, stars: massive, Astrophysics - Astrophysics of Galaxies},
 month = {June},
 number = {2},
 pages = {92},
 primaryclass = {astro-ph.GA},
 title = {{Thermal Feedback in the High-mass Star- and Cluster-forming Region W51}},
 volume = {842},
 year = {2017}
}

@article{Ginsburg2018a,
 adsnote = {Provided by the SAO/NASA Astrophysics Data System},
 adsurl = {https://ui.adsabs.harvard.edu/abs/2018ApJ...864L..17G},
 archiveprefix = {arXiv},
 author = {{\myname{Ginsburg}}, Adam and {Kruijssen}, J.~M. Diederik},
 doi = {10.3847/2041-8213/aada89},
 eid = {L17},
 eprint = {1808.06616},
 journal = {\apjl},
 keywords = {galaxies: star clusters: general, galaxies: star formation, Astrophysics - Astrophysics of Galaxies},
 month = {September},
 number = {1},
 pages = {L17},
 primaryclass = {astro-ph.GA},
 title = {{A High Cluster Formation Efficiency in the Sagittarius B2 Complex}},
 volume = {864},
 year = {2018}
}

@article{Ginsburg2018b,
 adsnote = {Provided by the SAO/NASA Astrophysics Data System},
 adsurl = {https://ui.adsabs.harvard.edu/abs/2018ApJ...860..119G},
 archiveprefix = {arXiv},
 author = {{\myname{Ginsburg}}, Adam and {Bally}, John and {Goddi}, Ciriaco and
{Plambeck}, Richard and {Wright}, Melvyn},
 doi = {10.3847/1538-4357/aac205},
 eid = {119},
 eprint = {1804.10622},
 journal = {\apj},
 keywords = {accretion, accretion disks, protoplanetary disks, stars: formation, stars: massive, Astrophysics - Astrophysics of Galaxies},
 month = {June},
 number = {2},
 pages = {119},
 primaryclass = {astro-ph.GA},
 title = {{A Keplerian Disk around Orion SrCI, a  15 M $_{☉}$ YSO}},
 volume = {860},
 year = {2018}
}

@article{Ginsburg2018c,
 adsnote = {Provided by the SAO/NASA Astrophysics Data System},
 adsurl = {https://ui.adsabs.harvard.edu/abs/2018ApJ...853..171G},
 archiveprefix = {arXiv},
 author = {{\myname{Ginsburg}}, Adam and {Bally}, John and {Barnes}, Ashley and
{Bastian}, Nate and {Battersby}, Cara and {Beuther}, Henrik and
{Brogan}, Crystal and {Contreras}, Yanett and {Corby}, Joanna and
{Darling}, Jeremy and {De Pree}, Chris and
{Galv{\'a}n-Madrid}, Roberto and {Garay}, Guido and
{Henshaw}, Jonathan and {Hunter}, Todd and {Kruijssen}, J.~M. Diederik and
{Longmore}, Steven and {Lu}, Xing and {Meng}, Fanyi and
{Mills}, Elisabeth A.~C. and {Ott}, Juergen and {Pineda}, Jaime E. and
{S{\'a}nchez-Monge}, {\'A}lvaro and {Schilke}, Peter and
{Schmiedeke}, Anika and {Walker}, Daniel and {Wilner}, David},
 doi = {10.3847/1538-4357/aaa6d4},
 eid = {171},
 eprint = {1801.04941},
 journal = {\apj},
 keywords = {galaxies: star formation, H ii regions, ISM: molecules, stars: formation, stars: protostars, Astrophysics - Astrophysics of Galaxies},
 month = {February},
 number = {2},
 pages = {171},
 primaryclass = {astro-ph.GA},
 title = {{Distributed Star Formation throughout the Galactic Center Cloud Sgr B2}},
 volume = {853},
 year = {2018}
}

@article{Ginsburg2019a,
 adsnote = {Provided by the SAO/NASA Astrophysics Data System},
 adsurl = {https://ui.adsabs.harvard.edu/abs/2019AJ....158..208G},
 archiveprefix = {arXiv},
 author = {{\myname{Ginsburg}}, Adam and {Goddi}, Ciriaco},
 doi = {10.3847/1538-3881/ab4790},
 eid = {208},
 eprint = {1909.11089},
 journal = {\aj},
 keywords = {Astrophysical masers, Interstellar masers, Star-forming regions, Astrophysics - Astrophysics of Galaxies},
 month = {November},
 number = {5},
 pages = {208},
 primaryclass = {astro-ph.GA},
 title = {{First Detection of CS Masers around a High-mass Young Stellar Object, W51 e2e}},
 volume = {158},
 year = {2019}
}

@article{Ginsburg2019b,
 adsnote = {Provided by the SAO/NASA Astrophysics Data System},
 adsurl = {https://ui.adsabs.harvard.edu/abs/2019AJ....157...98G},
 archiveprefix = {arXiv},
 author = {{\myname{Ginsburg}}, Adam and {Sip{\H{o}}cz}, Brigitta M. and {Brasseur}, C.~E. and
{Cowperthwaite}, Philip S. and {Craig}, Matthew W. and
{Deil}, Christoph and {Guillochon}, James and {Guzman}, Giannina and
{Liedtke}, Simon and {Lian Lim}, Pey and {Lockhart}, Kelly E. and
{Mommert}, Michael and {Morris}, Brett M. and {Norman}, Henrik and
{Parikh}, Madhura and {Persson}, Magnus V. and {Robitaille}, Thomas P. and
{Segovia}, Juan-Carlos and {Singer}, Leo P. and {Tollerud}, Erik J. and
{de Val-Borro}, Miguel and {Valtchanov}, Ivan and {Woillez}, Julien and
{Astroquery Collaboration} and {a subset of astropy Collaboration}},
 doi = {10.3847/1538-3881/aafc33},
 eid = {98},
 eprint = {1901.04520},
 journal = {\aj},
 keywords = {astronomical databases: miscellaneous, virtual observatory tools, Astrophysics - Instrumentation and Methods for Astrophysics},
 month = {March},
 number = {3},
 pages = {98},
 primaryclass = {astro-ph.IM},
 title = {{astroquery: An Astronomical Web-querying Package in Python}},
 volume = {157},
 year = {2019}
}

@article{Ginsburg2019c,
 adsnote = {Provided by the SAO/NASA Astrophysics Data System},
 adsurl = {https://ui.adsabs.harvard.edu/abs/2019ApJ...872...54G},
 archiveprefix = {arXiv},
 author = {{\myname{Ginsburg}}, Adam and {McGuire}, Brett and {Plambeck}, Richard and
{Bally}, John and {Goddi}, Ciriaco and {Wright}, Melvyn},
 doi = {10.3847/1538-4357/aafb71},
 eid = {54},
 eprint = {1901.04489},
 journal = {\apj},
 keywords = {astrochemistry, ISM: individual objects: Source I, ISM: jets and outflows, ISM: molecules, protoplanetary disks, Astrophysics - Astrophysics of Galaxies},
 month = {February},
 number = {1},
 pages = {54},
 primaryclass = {astro-ph.GA},
 title = {{Orion SrcI{\textquoteright}s Disk Is Salty}},
 volume = {872},
 year = {2019}
}

@article{Ginsburg2020,
 adsnote = {Provided by the SAO/NASA Astrophysics Data System},
 adsurl = {https://ui.adsabs.harvard.edu/abs/2020ApJS..248...24G},
 archiveprefix = {arXiv},
 author = {{\myname{Ginsburg}}, Adam and {Anderson}, L.~D. and {Dicker}, Simon and
{Romero}, Charles and {Svoboda}, Brian and {Devlin}, Mark and
{Galv{\'a}n-Madrid}, Roberto and {Indebetouw}, Remy and
{Liu}, Hauyu Baobab and {Mason}, Brian and {Mroczkowski}, Tony and
{Armentrout}, W.~P. and {Bally}, John and {Brogan}, Crystal and
{Butterfield}, Natalie and {Hunter}, Todd R. and {Reese}, Erik D. and
{Rosolowsky}, Erik and {Sarazin}, Craig and {Shirley}, Yancy and
{Sievers}, Jonathan and {Stanchfield}, Sara},
 doi = {10.3847/1538-4365/ab8b5c},
 eid = {24},
 eprint = {2004.09555},
 journal = {\apjs},
 keywords = {Surveys, Star formation, Star-forming regions, H II regions, Dust continuum emission, Interstellar dust, 1671, 1569, 1565, 694, 412, 836, Astrophysics - Astrophysics of Galaxies},
 month = {June},
 number = {2},
 pages = {24},
 primaryclass = {astro-ph.GA},
 title = {{The MUSTANG Galactic Plane Survey (MGPS90) Pilot}},
 volume = {248},
 year = {2020}
}

@article{Goddi2016,
 adsnote = {Provided by the SAO/NASA Astrophysics Data System},
 adsurl = {https://ui.adsabs.harvard.edu/abs/2016A&A...589A..44G},
 archiveprefix = {arXiv},
 author = {{Goddi}, C. and {\myname{Ginsburg}}, A. and {Zhang}, Q.},
 doi = {10.1051/0004-6361/201527855},
 eid = {A44},
 eprint = {1601.05733},
 journal = {\aap},
 keywords = {accretion, accretion disks, line: profiles, ISM: kinematics and dynamics, ISM: molecules, stars: protostars, HII regions, Astrophysics - Solar and Stellar Astrophysics, Astrophysics - Astrophysics of Galaxies},
 month = {May},
 pages = {A44},
 primaryclass = {astro-ph.SR},
 title = {{Hot ammonia around young O-type stars. III. High-mass star formation and hot core activity in W51 Main}},
 volume = {589},
 year = {2016}
}

@article{Harvey2013,
 adsnote = {Provided by the SAO/NASA Astrophysics Data System},
 adsurl = {https://ui.adsabs.harvard.edu/abs/2013ApJ...764..133H},
 archiveprefix = {arXiv},
 author = {{Harvey}, Paul M. and {Fallscheer}, Cassandra and {\myname{Ginsburg}}, Adam and
{Terebey}, Susan and {Andr{\'e}}, Philippe and {Bourke}, Tyler L. and
{Di Francesco}, James and {K{\"o}nyves}, Vera and
{Matthews}, Brenda C. and {Peterson}, Dawn E.},
 doi = {10.1088/0004-637X/764/2/133},
 eid = {133},
 eprint = {1212.6966},
 journal = {\apj},
 keywords = {infrared: ISM, ISM: clouds, ISM: structure, stars: formation, Astrophysics - Astrophysics of Galaxies},
 month = {February},
 number = {2},
 pages = {133},
 primaryclass = {astro-ph.GA},
 title = {{A First Look at the Auriga-California Giant Molecular Cloud with Herschel and the CSO: Census of the Young Stellar Objects and the Dense Gas}},
 volume = {764},
 year = {2013}
}

@article{Henshaw2016,
 adsnote = {Provided by the SAO/NASA Astrophysics Data System},
 adsurl = {https://ui.adsabs.harvard.edu/abs/2016MNRAS.457.2675H},
 archiveprefix = {arXiv},
 author = {{Henshaw}, J.~D. and {Longmore}, S.~N. and {Kruijssen}, J.~M.~D. and
{Davies}, B. and {Bally}, J. and {Barnes}, A. and {Battersby}, C. and
{Burton}, M. and {Cunningham}, M.~R. and {Dale}, J.~E. and
{\myname{Ginsburg}}, A. and {Immer}, K. and {Jones}, P.~A. and {Kendrew}, S. and
{Mills}, E.~A.~C. and {Molinari}, S. and {Moore}, T.~J.~T. and
{Ott}, J. and {Pillai}, T. and {Rathborne}, J. and {Schilke}, P. and
{Schmiedeke}, A. and {Testi}, L. and {Walker}, D. and {Walsh}, A. and
{Zhang}, Q.},
 doi = {10.1093/mnras/stw121},
 eprint = {1601.03732},
 journal = {\mnras},
 keywords = {stars: formation, ISM: clouds, ISM: kinematics and dynamics, ISM: structure, Galaxy: centre, galaxies: ISM, Astrophysics - Astrophysics of Galaxies},
 month = {April},
 number = {3},
 pages = {2675-2702},
 primaryclass = {astro-ph.GA},
 title = {{Molecular gas kinematics within the central 250 pc of the Milky Way}},
 volume = {457},
 year = {2016}
}

@article{Henshaw2019,
 adsnote = {Provided by the SAO/NASA Astrophysics Data System},
 adsurl = {https://ui.adsabs.harvard.edu/abs/2019MNRAS.485.2457H},
 archiveprefix = {arXiv},
 author = {{Henshaw}, J.~D. and {\myname{Ginsburg}}, A. and {Haworth}, T.~J. and
{Longmore}, S.~N. and {Kruijssen}, J.~M.~D. and {Mills}, E.~A.~C. and
{Sokolov}, V. and {Walker}, D.~L. and {Barnes}, A.~T. and
{Contreras}, Y. and {Bally}, J. and {Battersby}, C. and {Beuther}, H. and
{Butterfield}, N. and {Dale}, J.~E. and {Henning}, T. and
{Jackson}, J.~M. and {Kauffmann}, J. and {Pillai}, T. and {Ragan}, S. and
{Riener}, M. and {Zhang}, Q.},
 doi = {10.1093/mnras/stz471},
 eprint = {1902.02793},
 journal = {\mnras},
 keywords = {turbulence, stars: formation, ISM: clouds, ISM: kinematics and dynamics, ISM: structure, galaxy: centre, Astrophysics - Astrophysics of Galaxies},
 month = {May},
 number = {2},
 pages = {2457-2485},
 primaryclass = {astro-ph.GA},
 title = {{`The Brick' is not a brick: a comprehensive study of the structure and dynamics of the central molecular zone cloud G0.253+0.016}},
 volume = {485},
 year = {2019}
}

@article{Henshaw2020,
 adsnote = {Provided by the SAO/NASA Astrophysics Data System},
 adsurl = {https://ui.adsabs.harvard.edu/abs/2020NatAs.tmp..136H},
 archiveprefix = {arXiv},
 author = {{Henshaw}, Jonathan D. and {Kruijssen}, J.~M. Diederik and
{Longmore}, Steven N. and {Riener}, Manuel and {Leroy}, Adam K. and
{Rosolowsky}, Erik and {\myname{Ginsburg}}, Adam and {Battersby}, Cara and
{Chevance}, M{\'e}lanie and {Meidt}, Sharon E. and
{Glover}, Simon C.~O. and {Hughes}, Annie and {Kainulainen}, Jouni and
{Klessen}, Ralf S. and {Schinnerer}, Eva and {Schruba}, Andreas and
{Beuther}, Henrik and {Bigiel}, Frank and {Blanc}, Guillermo A. and
{Emsellem}, Eric and {Henning}, Thomas and {Herrera}, Cynthia N. and
{Koch}, Eric W. and {Pety}, J{\'e}r{\^o}me and {Ragan}, Sarah E. and
{Sun}, Jiayi},
 doi = {10.1038/s41550-020-1126-z},
 eprint = {2007.01877},
 journal = {Nature Astronomy},
 keywords = {Astrophysics - Astrophysics of Galaxies},
 month = {July},
 primaryclass = {astro-ph.GA},
 title = {{Ubiquitous velocity fluctuations throughout the molecular interstellar medium}},
 year = {2020}
}

@article{Immer2016,
 adsnote = {Provided by the SAO/NASA Astrophysics Data System},
 adsurl = {https://ui.adsabs.harvard.edu/abs/2016A&A...595A..94I},
 archiveprefix = {arXiv},
 author = {{Immer}, K. and {Kauffmann}, J. and {Pillai}, T. and {\myname{Ginsburg}}, A. and
{Menten}, K.~M.},
 doi = {10.1051/0004-6361/201628777},
 eid = {A94},
 eprint = {1607.03535},
 journal = {\aap},
 keywords = {Galaxy: center, ISM: molecules, ISM: structure, ISM: clouds, submillimeter: ISM, Astrophysics - Astrophysics of Galaxies},
 month = {November},
 pages = {A94},
 primaryclass = {astro-ph.GA},
 title = {{Temperature structures in Galactic center clouds. Direct evidence for gas heating via turbulence}},
 volume = {595},
 year = {2016}
}

@article{Kendrew2013,
 adsnote = {Provided by the SAO/NASA Astrophysics Data System},
 adsurl = {https://ui.adsabs.harvard.edu/abs/2013ApJ...775L..50K},
 archiveprefix = {arXiv},
 author = {{Kendrew}, S. and {\myname{Ginsburg}}, A. and {Johnston}, K. and {Beuther}, H. and
{Bally}, J. and {Cyganowski}, C.~J. and {Battersby}, C.},
 doi = {10.1088/2041-8205/775/2/L50},
 eid = {L50},
 eprint = {1309.0419},
 journal = {\apjl},
 keywords = {infrared: ISM, ISM: jets and outflows, stars: formation, Astrophysics - Astrophysics of Galaxies},
 month = {October},
 number = {2},
 pages = {L50},
 primaryclass = {astro-ph.GA},
 title = {{Early-stage Massive Star Formation near the Galactic Center: Sgr C}},
 volume = {775},
 year = {2013}
}

@article{Keown2017,
 adsnote = {Provided by the SAO/NASA Astrophysics Data System},
 adsurl = {https://ui.adsabs.harvard.edu/abs/2017ApJ...850....3K},
 archiveprefix = {arXiv},
 author = {{Keown}, Jared and {Di Francesco}, James and {Kirk}, Helen and
{Friesen}, Rachel K. and {Pineda}, Jaime E. and {Rosolowsky}, Erik and
{\myname{Ginsburg}}, Adam and {Offner}, Stella S.~R. and {Caselli}, Paola and
{Alves}, Felipe and {Chac{\'o}n-Tanarro}, Ana and {Punanova}, Anna and
{Redaelli}, Elena and {Seo}, Young Min and {Matzner}, Christopher D. and
{Chun-Yuan Chen}, Michael and {Goodman}, Alyssa A. and
{Chen}, How-Huan and {Shirley}, Yancy and {Singh}, Ayushi and
{Arce}, Hector G. and {Martin}, Peter and {Myers}, Philip C.},
 doi = {10.3847/1538-4357/aa93ec},
 eid = {3},
 eprint = {1710.04785},
 journal = {\apj},
 keywords = {ISM: kinematics and dynamics, ISM: structure, stars: formation, Astrophysics - Astrophysics of Galaxies, Astrophysics - Solar and Stellar Astrophysics},
 month = {November},
 number = {1},
 pages = {3},
 primaryclass = {astro-ph.GA},
 title = {{The Green Bank Ammonia Survey: Observations of Hierarchical Dense Gas Structures in Cepheus-L1251}},
 volume = {850},
 year = {2017}
}

@article{Kirk2017,
 adsnote = {Provided by the SAO/NASA Astrophysics Data System},
 adsurl = {https://ui.adsabs.harvard.edu/abs/2017ApJ...846..144K},
 archiveprefix = {arXiv},
 author = {{Kirk}, Helen and {Friesen}, Rachel K. and {Pineda}, Jaime E. and
{Rosolowsky}, Erik and {Offner}, Stella S.~R. and
{Matzner}, Christopher D. and {Myers}, Philip C. and
{Di Francesco}, James and {Caselli}, Paola and {Alves}, Felipe O. and
{Chac{\'o}n-Tanarro}, Ana and {Chen}, How-Huan and
{Chun-Yuan Chen}, Michael and {Keown}, Jared and {Punanova}, Anna and
{Seo}, Young Min and {Shirley}, Yancy and {\myname{Ginsburg}}, Adam and
{Hall}, Christine and {Singh}, Ayushi and {Arce}, H{\'e}ctor G. and
{Goodman}, Alyssa A. and {Martin}, Peter and {Redaelli}, Elena},
 doi = {10.3847/1538-4357/aa8631},
 eid = {144},
 eprint = {1708.05426},
 journal = {\apj},
 keywords = {ISM: kinematics and dynamics, radio lines: ISM, stars: formation, submillimeter: ISM, Astrophysics - Astrophysics of Galaxies},
 month = {September},
 number = {2},
 pages = {144},
 primaryclass = {astro-ph.GA},
 title = {{The Green Bank Ammonia Survey: Dense Cores under Pressure in Orion A}},
 volume = {846},
 year = {2017}
}

@article{Koch2019,
 adsnote = {Provided by the SAO/NASA Astrophysics Data System},
 adsurl = {https://ui.adsabs.harvard.edu/abs/2019AJ....158....1K},
 archiveprefix = {arXiv},
 author = {{Koch}, Eric W. and {Rosolowsky}, Erik W. and {Boyden}, Ryan D. and
{Burkhart}, Blakesley and {\myname{Ginsburg}}, Adam and {Loeppky}, Jason L. and
{Offner}, Stella S.~R.},
 doi = {10.3847/1538-3881/ab1cc0},
 eid = {1},
 eprint = {1904.10484},
 journal = {\aj},
 keywords = {methods: data analysis, methods: statistical, turbulence, Astrophysics - Instrumentation and Methods for Astrophysics},
 month = {July},
 number = {1},
 pages = {1},
 primaryclass = {astro-ph.IM},
 title = {{TURBUSTAT: Turbulence Statistics in Python}},
 volume = {158},
 year = {2019}
}

@article{Kong2018,
 adsnote = {Provided by the SAO/NASA Astrophysics Data System},
 adsurl = {https://ui.adsabs.harvard.edu/abs/2018ApJS..236...25K},
 archiveprefix = {arXiv},
 author = {{Kong}, Shuo and {Arce}, H{\'e}ctor G. and {Feddersen}, Jesse R. and
{Carpenter}, John M. and {Nakamura}, Fumitaka and {Shimajiri}, Yoshito and
{Isella}, Andrea and {Ossenkopf-Okada}, Volker and
{Sargent}, Anneila I. and {S{\'a}nchez-Monge}, {\'A}lvaro and
{Suri}, S{\"u}meyye T. and {Kauffmann}, Jens and {Pillai}, Thushara and
{Pineda}, Jaime E. and {Koda}, Jin and {Bally}, John and
{Lis}, Dariusz C. and {Padoan}, Paolo and {Klessen}, Ralf and
{Mairs}, Steve and {Goodman}, Alyssa and {Goldsmith}, Paul and
{McGehee}, Peregrine and {Schilke}, Peter and {Teuben}, Peter J. and
{Maureira}, Mar{\'\i}a Jos{\'e} and {Hara}, Chihomi and
{\myname{Ginsburg}}, Adam and {Burkhart}, Blakesley and {Smith}, Rowan J. and
{Schmiedeke}, Anika and {Pineda}, Jorge L. and {Ishii}, Shun and
{Sasaki}, Kazushige and {Kawabe}, Ryohei and {Urasawa}, Yumiko and
{Oyamada}, Shuri and {Tanabe}, Yoshihiro},
 doi = {10.3847/1538-4365/aabafc},
 eid = {25},
 eprint = {1803.11522},
 journal = {\apjs},
 keywords = {ISM: clouds, ISM: jets and outflows, ISM: kinematics and dynamics, ISM: structure, photon-dominated region: PDR, stars: formation, Astrophysics - Astrophysics of Galaxies},
 month = {June},
 number = {2},
 pages = {25},
 primaryclass = {astro-ph.GA},
 title = {{The CARMA-NRO Orion Survey}},
 volume = {236},
 year = {2018}
}

@article{Krieger2017,
 adsnote = {Provided by the SAO/NASA Astrophysics Data System},
 adsurl = {https://ui.adsabs.harvard.edu/abs/2017ApJ...850...77K},
 archiveprefix = {arXiv},
 author = {{Krieger}, Nico and {Ott}, J{\"u}rgen and {Beuther}, Henrik and
{Walter}, Fabian and {Kruijssen}, J.~M. Diederik and {Meier}, David S. and
{Mills}, Elisabeth A.~C. and {Contreras}, Yanett and {Edwards}, Phil and
{\myname{Ginsburg}}, Adam and {Henkel}, Christian and {Henshaw}, Jonathan and
{Jackson}, James and {Kauffmann}, Jens and {Longmore}, Steven and
{Mart{\'\i}n}, Sergio and {Morris}, Mark R. and {Pillai}, Thushara and
{Rickert}, Matthew and {Rosolowsky}, Erik and {Shinnaga}, Hiroko and
{Walsh}, Andrew and {Yusef-Zadeh}, Farhad and {Zhang}, Qizhou},
 doi = {10.3847/1538-4357/aa951c},
 eid = {77},
 eprint = {1710.06902},
 journal = {\apj},
 keywords = {Galaxy: center, evolution, ISM: clouds, ISM: kinematics and dynamics, stars: formation, Astrophysics - Astrophysics of Galaxies},
 month = {November},
 number = {1},
 pages = {77},
 primaryclass = {astro-ph.GA},
 title = {{The Survey of Water and Ammonia in the Galactic Center (SWAG): Molecular Cloud Evolution in the Central Molecular Zone}},
 volume = {850},
 year = {2017}
}

@article{Kruijssen2019,
 adsnote = {Provided by the SAO/NASA Astrophysics Data System},
 adsurl = {https://ui.adsabs.harvard.edu/abs/2019MNRAS.484.5734K},
 archiveprefix = {arXiv},
 author = {{Kruijssen}, J.~M.~D. and {Dale}, J.~E. and {Longmore}, S.~N. and
{Walker}, D.~L. and {Henshaw}, J.~D. and {Jeffreson}, S.~M.~R. and
{Petkova}, M.~A. and {\myname{Ginsburg}}, A. and {Barnes}, A.~T. and
{Battersby}, C.~D. and {Immer}, K. and {Jackson}, J.~M. and
{Keto}, E.~R. and {Krieger}, N. and {Mills}, E.~A.~C. and
{S{\'a}nchez-Monge}, {\'A}. and {Schmiedeke}, A. and {Suri}, S.~T. and
{Zhang}, Q.},
 doi = {10.1093/mnras/stz381},
 eprint = {1902.01860},
 journal = {\mnras},
 keywords = {stars: formation, ISM: clouds, ISM: evolution, ISM: kinematics and dynamics, Galaxy: centre, galaxies: ISM, Astrophysics - Astrophysics of Galaxies},
 month = {April},
 number = {4},
 pages = {5734-5754},
 primaryclass = {astro-ph.GA},
 title = {{The dynamical evolution of molecular clouds near the Galactic Centre - II. Spatial structure and kinematics of simulated clouds}},
 volume = {484},
 year = {2019}
}

@article{Leroy2018,
 adsnote = {Provided by the SAO/NASA Astrophysics Data System},
 adsurl = {https://ui.adsabs.harvard.edu/abs/2018ApJ...869..126L},
 archiveprefix = {arXiv},
 author = {{Leroy}, Adam K. and {Bolatto}, Alberto D. and {Ostriker}, Eve C. and
{Walter}, Fabian and {Gorski}, Mark and {\myname{Ginsburg}}, Adam and
{Krieger}, Nico and {Levy}, Rebecca C. and {Meier}, David S. and
{Mills}, Elisabeth and {Ott}, J{\"u}rgen and {Rosolowsky}, Erik and
{Thompson}, Todd A. and {Veilleux}, Sylvain and {Zschaechner}, Laura K.},
 doi = {10.3847/1538-4357/aaecd1},
 eid = {126},
 eprint = {1804.02083},
 journal = {\apj},
 keywords = {galaxies: individual: NGC 253, galaxies: ISM, galaxies: starburst, galaxies: star clusters: general, galaxies: star formation, Astrophysics - Astrophysics of Galaxies},
 month = {December},
 number = {2},
 pages = {126},
 primaryclass = {astro-ph.GA},
 title = {{Forming Super Star Clusters in the Central Starburst of NGC 253}},
 volume = {869},
 year = {2018}
}

@article{Levesque2014,
 adsnote = {Provided by the SAO/NASA Astrophysics Data System},
 adsurl = {https://ui.adsabs.harvard.edu/abs/2014AJ....147...23L},
 archiveprefix = {arXiv},
 author = {{Levesque}, Emily M. and {Stringfellow}, Guy S. and {\myname{Ginsburg}}, Adam G. and
{Bally}, John and {Keeney}, Brian A.},
 doi = {10.1088/0004-6256/147/1/23},
 eid = {23},
 eprint = {1211.4577},
 journal = {\aj},
 keywords = {circumstellar matter, stars: massive, stars: variables: general, supernovae: general, Astrophysics - Solar and Stellar Astrophysics},
 month = {January},
 number = {1},
 pages = {23},
 primaryclass = {astro-ph.SR},
 title = {{The Peculiar Balmer Decrement of SN 2009ip: Constraints on Circumstellar Geometry}},
 volume = {147},
 year = {2014}
}

@article{Lin2016,
 adsnote = {Provided by the SAO/NASA Astrophysics Data System},
 adsurl = {https://ui.adsabs.harvard.edu/abs/2016ApJ...828...32L},
 archiveprefix = {arXiv},
 author = {{Lin}, Yuxin and {Liu}, Hauyu Baobab and {Li}, Di and {Zhang}, Zhi-Yu and
{\myname{Ginsburg}}, Adam and {Pineda}, Jaime E. and {Qian}, Lei and
{Galv{\'a}n-Madrid}, Roberto and {McLeod}, Anna Faye and
{Rosolowsky}, Erik and {Dale}, James E. and {Immer}, Katharina and
{Koch}, Eric and {Longmore}, Steve and {Walker}, Daniel and
{Testi}, Leonardo},
 doi = {10.3847/0004-637X/828/1/32},
 eid = {32},
 eprint = {1606.07645},
 journal = {\apj},
 keywords = {ISM: structure, methods: statistical, stars: formation, submillimeter: ISM, techniques: image processing, Astrophysics - Astrophysics of Galaxies},
 month = {September},
 number = {1},
 pages = {32},
 primaryclass = {astro-ph.GA},
 title = {{Cloud Structure of Galactic OB Cluster-forming Regions from Combining Ground- and Space-based Bolometric Observations}},
 volume = {828},
 year = {2016}
}

@article{Lin2017a,
 adsnote = {Provided by the SAO/NASA Astrophysics Data System},
 adsurl = {https://ui.adsabs.harvard.edu/abs/2017ApJ...843..153L},
 author = {{Lin}, Yuxin and {Liu}, Hauyu Baobab and {Dale}, James E. and {Li}, Di and
{Busquet}, Gemma and {Zhang}, Zhi-Yu and {\myname{Ginsburg}}, Adam and
{Galv{\'a}n-Madrid}, Roberto and {Kov{\'a}cs}, Attila and {Koch}, Eric and
{Qian}, Lei and {Wang}, Ke and {Longmore}, Steve and {Chen}, Huei-Ru and
{Walker}, Daniel},
 doi = {10.3847/1538-4357/aa7842},
 eid = {153},
 journal = {\apj},
 month = {July},
 number = {2},
 pages = {153},
 title = {{Erratum: {\textquotedblleft}Cloud Structure of Three Galactic Infrared Dark Star-forming Regions from Combining Ground and Space-based Bolometric Observations{\textquotedblright} (<A href=``https://doi.org/10.3847/1538-4357/aa6c67''>2017, ApJ, 840, 22</A>)}},
 volume = {843},
 year = {2017}
}

@article{Lin2017b,
 adsnote = {Provided by the SAO/NASA Astrophysics Data System},
 adsurl = {https://ui.adsabs.harvard.edu/abs/2017ApJ...840...22L},
 archiveprefix = {arXiv},
 author = {{Lin}, Yuxin and {Liu}, Hauyu Baobab and {Dale}, James E. and {Li}, Di and
{Busquet}, Gemma and {Zhang}, Zhi-Yu and {\myname{Ginsburg}}, Adam and
{Galv{\'a}n-Madrid}, Roberto and {Kov{\'a}cs}, Attila and {Koch}, Eric and
{Qian}, Lei and {Wang}, Ke and {Longmore}, Steve and {Chen}, Huei-Ru and
{Walker}, Daniel},
 doi = {10.3847/1538-4357/aa6c67},
 eid = {22},
 eprint = {1704.06448},
 journal = {\apj},
 keywords = {ISM: structure, stars: formation, submillimeter: ISM, Astrophysics - Astrophysics of Galaxies},
 month = {May},
 number = {1},
 pages = {22},
 primaryclass = {astro-ph.GA},
 title = {{Cloud Structure of Three Galactic Infrared Dark Star-forming Regions from Combining Ground- and Space-based Bolometric Observations}},
 volume = {840},
 year = {2017}
}

@article{Liu2019,
 adsnote = {Provided by the SAO/NASA Astrophysics Data System},
 adsurl = {https://ui.adsabs.harvard.edu/abs/2019ApJ...871..185L},
 archiveprefix = {arXiv},
 author = {{Liu}, Hauyu Baobab and {Chen}, Huei-Ru Vivien and
{Rom{\'a}n-Z{\'u}{\~n}iga}, Carlos G. and {Galv{\'a}n-Madrid}, Roberto and
{\myname{Ginsburg}}, Adam and {Ho}, Paul T.~P. and {Minh}, Young Chol and
{Jim{\'e}nez-Serra}, Izaskun and {Testi}, Leonardo and {Zhang}, Qizhou},
 doi = {10.3847/1538-4357/aaf6b4},
 eid = {185},
 eprint = {1808.07702},
 journal = {\apj},
 keywords = {ISM: clouds, ISM: individual objects: G33.92+0.11, stars: formation, Astrophysics - Astrophysics of Galaxies, Astrophysics - Solar and Stellar Astrophysics},
 month = {February},
 number = {2},
 pages = {185},
 primaryclass = {astro-ph.GA},
 title = {{Investigating Fragmentation of Gas Structures in OB Cluster-forming Molecular Clump G33.92+0.11 with 1000 au Resolution Observations of ALMA}},
 volume = {871},
 year = {2019}
}

@article{Lu2017,
 adsnote = {Provided by the SAO/NASA Astrophysics Data System},
 adsurl = {https://ui.adsabs.harvard.edu/abs/2017ApJ...839....1L},
 archiveprefix = {arXiv},
 author = {{Lu}, Xing and {Zhang}, Qizhou and {Kauffmann}, Jens and
{Pillai}, Thushara and {Longmore}, Steven N. and
{Kruijssen}, J.~M. Diederik and {Battersby}, Cara and
{Liu}, Hauyu Baobab and {\myname{Ginsburg}}, Adam and {Mills}, Elisabeth A.~C. and
{Zhang}, Zhi-Yu and {Gu}, Qiusheng},
 doi = {10.3847/1538-4357/aa67f7},
 eid = {1},
 eprint = {1703.06551},
 journal = {\apj},
 keywords = {Galaxy: center, ISM: clouds, stars: formation, Astrophysics - Astrophysics of Galaxies},
 month = {April},
 number = {1},
 pages = {1},
 primaryclass = {astro-ph.GA},
 title = {{The Molecular Gas Environment in the 20 km s$^{-1}$ Cloud in the Central Molecular Zone}},
 volume = {839},
 year = {2017}
}

@article{Lu2019a,
 adsnote = {Provided by the SAO/NASA Astrophysics Data System},
 adsurl = {https://ui.adsabs.harvard.edu/abs/2019ApJS..244...35L},
 archiveprefix = {arXiv},
 author = {{Lu}, Xing and {Mills}, Elisabeth A.~C. and {\myname{Ginsburg}}, Adam and
{Walker}, Daniel L. and {Barnes}, Ashley T. and {Butterfield}, Natalie and
{Henshaw}, Jonathan D. and {Battersby}, Cara and
{Kruijssen}, J.~M. Diederik and {Longmore}, Steven N. and
{Zhang}, Qizhou and {Bally}, John and {Kauffmann}, Jens and
{Ott}, J{\"u}rgen and {Rickert}, Matthew and {Wang}, Ke},
 doi = {10.3847/1538-4365/ab4258},
 eid = {35},
 eprint = {1909.02338},
 journal = {\apjs},
 keywords = {Star formation, Galactic center, H II regions, Astrophysical masers, Astrophysics - Astrophysics of Galaxies},
 month = {October},
 number = {2},
 pages = {35},
 primaryclass = {astro-ph.GA},
 title = {{A Census of Early-phase High-mass Star Formation in the Central Molecular Zone}},
 volume = {244},
 year = {2019}
}

@article{Lu2019b,
 adsnote = {Provided by the SAO/NASA Astrophysics Data System},
 adsurl = {https://ui.adsabs.harvard.edu/abs/2019ApJ...872..171L},
 archiveprefix = {arXiv},
 author = {{Lu}, Xing and {Zhang}, Qizhou and {Kauffmann}, Jens and
{Pillai}, Thushara and {\myname{Ginsburg}}, Adam and {Mills}, Elisabeth A.~C. and
{Kruijssen}, J.~M. Diederik and {Longmore}, Steven N. and
{Battersby}, Cara and {Liu}, Hauyu Baobab and {Gu}, Qiusheng},
 doi = {10.3847/1538-4357/ab017d},
 eid = {171},
 eprint = {1901.07779},
 journal = {\apj},
 keywords = {Galaxy: center, ISM: clouds, stars: formation, Astrophysics - Astrophysics of Galaxies},
 month = {February},
 number = {2},
 pages = {171},
 primaryclass = {astro-ph.GA},
 title = {{Star Formation Rates of Massive Molecular Clouds in the Central Molecular Zone}},
 volume = {872},
 year = {2019}
}

@article{Lu2020,
 adsnote = {Provided by the SAO/NASA Astrophysics Data System},
 adsurl = {https://ui.adsabs.harvard.edu/abs/2020ApJ...894L..14L},
 archiveprefix = {arXiv},
 author = {{Lu}, Xing and {Cheng}, Yu and {\myname{Ginsburg}}, Adam and
{Longmore}, Steven N. and {Kruijssen}, J.~M. Diederik and
{Battersby}, Cara and {Zhang}, Qizhou and {Walker}, Daniel L.},
 doi = {10.3847/2041-8213/ab8b65},
 eid = {L14},
 eprint = {2004.09532},
 journal = {\apjl},
 keywords = {Astrophysics - Astrophysics of Galaxies},
 month = {May},
 number = {2},
 pages = {L14},
 primaryclass = {astro-ph.GA},
 title = {{ALMA Observations of Massive Clouds in the Central Molecular Zone: Jeans Fragmentation and Cluster Formation}},
 volume = {894},
 year = {2020}
}

@article{Mangum2019,
 adsnote = {Provided by the SAO/NASA Astrophysics Data System},
 adsurl = {https://ui.adsabs.harvard.edu/abs/2019ApJ...871..170M},
 archiveprefix = {arXiv},
 author = {{Mangum}, Jeffrey G. and {\myname{Ginsburg}}, Adam G. and {Henkel}, Christian and
{Menten}, Karl M. and {Aalto}, Susanne and {van der Werf}, Paul},
 doi = {10.3847/1538-4357/aafa15},
 eid = {170},
 eprint = {1812.09219},
 journal = {\apj},
 keywords = {galaxies: active, galaxies: individual: NGC 253, galaxies: nuclei, galaxies: spiral, galaxies: starburst, ISM: molecules, Astrophysics - Astrophysics of Galaxies},
 month = {February},
 number = {2},
 pages = {170},
 primaryclass = {astro-ph.GA},
 title = {{Fire in the Heart: A Characterization of the High Kinetic Temperatures and Heating Sources in the Nucleus of NGC 253}},
 volume = {871},
 year = {2019}
}

@article{Margutti2014,
 adsnote = {Provided by the SAO/NASA Astrophysics Data System},
 adsurl = {https://ui.adsabs.harvard.edu/abs/2014ApJ...780...21M},
 archiveprefix = {arXiv},
 author = {{Margutti}, R. and {Milisavljevic}, D. and {Soderberg}, A.~M. and
{Chornock}, R. and {Zauderer}, B.~A. and {Murase}, K. and
{Guidorzi}, C. and {Sanders}, N.~E. and {Kuin}, P. and {Fransson}, C. and
{Levesque}, E.~M. and {Chandra}, P. and {Berger}, E. and
{Bianco}, F.~B. and {Brown}, P.~J. and {Challis}, P. and
{Chatzopoulos}, E. and {Cheung}, C.~C. and {Choi}, C. and
{Chomiuk}, L. and {Chugai}, N. and {Contreras}, C. and {Drout}, M.~R. and
{Fesen}, R. and {Foley}, R.~J. and {Fong}, W. and {Friedman}, A.~S. and
{Gall}, C. and {Gehrels}, N. and {Hjorth}, J. and {Hsiao}, E. and
{Kirshner}, R. and {Im}, M. and {Leloudas}, G. and {Lunnan}, R. and
{Marion}, G.~H. and {Martin}, J. and {Morrell}, N. and
{Neugent}, K.~F. and {Omodei}, N. and {Phillips}, M.~M. and {Rest}, A. and
{Silverman}, J.~M. and {Strader}, J. and {Stritzinger}, M.~D. and
{Szalai}, T. and {Utterback}, N.~B. and {Vinko}, J. and
{Wheeler}, J.~C. and {Arnett}, D. and {Campana}, S. and
{Chevalier}, R. and {\myname{Ginsburg}}, A. and {Kamble}, A. and
{Roming}, P.~W.~A. and {Pritchard}, T. and {Stringfellow}, G.},
 doi = {10.1088/0004-637X/780/1/21},
 eid = {21},
 eprint = {1306.0038},
 journal = {\apj},
 keywords = {stars: mass-loss, supernovae: individual: SN2009ip, Astrophysics - High Energy Astrophysical Phenomena, Astrophysics - Cosmology and Nongalactic Astrophysics},
 month = {January},
 number = {1},
 pages = {21},
 primaryclass = {astro-ph.HE},
 title = {{A Panchromatic View of the Restless SN 2009ip Reveals the Explosive Ejection of a Massive Star Envelope}},
 volume = {780},
 year = {2014}
}

@article{Maud2019b,
 adsnote = {Provided by the SAO/NASA Astrophysics Data System},
 adsurl = {https://ui.adsabs.harvard.edu/abs/2019A&A...627L...6M},
 archiveprefix = {arXiv},
 author = {{Maud}, L.~T. and {Cesaroni}, R. and {Kumar}, M.~S.~N. and
{Rivilla}, V.~M. and {\myname{Ginsburg}}, A. and {Klaassen}, P.~D. and
{Harsono}, D. and {S{\'a}nchez-Monge}, {\'A}. and {Ahmadi}, A. and
{Allen}, V. and {Beltr{\'a}n}, M.~T. and {Beuther}, H. and
{Galv{\'a}n-Madrid}, R. and {Goddi}, C. and {Hoare}, M.~G. and
{Hogerheijde}, M.~R. and {Johnston}, K.~G. and {Kuiper}, R. and
{Moscadelli}, L. and {Peters}, T. and {Testi}, L. and
{van der Tak}, F.~F.~S. and {de Wit}, W.~J.},
 doi = {10.1051/0004-6361/201935633},
 eid = {L6},
 eprint = {1906.06548},
 journal = {\aap},
 keywords = {stars: formation, stars: protostars, stars: massive, stars: winds, outflows, stars: pre-main sequence, submillimeter: stars, Astrophysics - Solar and Stellar Astrophysics, Astrophysics - Astrophysics of Galaxies},
 month = {July},
 pages = {L6},
 primaryclass = {astro-ph.SR},
 title = {{Substructures in the Keplerian disc around the O-type (proto-)star G17.64+0.16}},
 volume = {627},
 year = {2019}
}

@article{McLeod2015,
 adsnote = {Provided by the SAO/NASA Astrophysics Data System},
 adsurl = {https://ui.adsabs.harvard.edu/abs/2015MNRAS.450.1057M},
 archiveprefix = {arXiv},
 author = {{McLeod}, A.~F. and {Dale}, J.~E. and {\myname{Ginsburg}}, A. and {Ercolano}, B. and
{Gritschneder}, M. and {Ramsay}, S. and {Testi}, L.},
 doi = {10.1093/mnras/stv680},
 eprint = {1504.03323},
 journal = {\mnras},
 keywords = {H II regions, ISM: jets and outflows, ISM: kinematics and dynamics, Astrophysics - Solar and Stellar Astrophysics},
 month = {June},
 number = {1},
 pages = {1057-1076},
 primaryclass = {astro-ph.SR},
 title = {{The Pillars of Creation revisited with MUSE: gas kinematics and high-mass stellar feedback traced by optical spectroscopy}},
 volume = {450},
 year = {2015}
}

@article{McLeod2016a,
 adsnote = {Provided by the SAO/NASA Astrophysics Data System},
 adsurl = {https://ui.adsabs.harvard.edu/abs/2016MNRAS.462.3537M},
 archiveprefix = {arXiv},
 author = {{McLeod}, A.~F. and {Gritschneder}, M. and {Dale}, J.~E. and
{\myname{Ginsburg}}, A. and {Klaassen}, P.~D. and {Mottram}, J.~C. and
{Preibisch}, T. and {Ramsay}, S. and {Reiter}, M. and {Testi}, L.},
 doi = {10.1093/mnras/stw1864},
 eprint = {1608.00005},
 journal = {\mnras},
 keywords = {H II regions, jets and outflows, Astrophysics - Astrophysics of Galaxies, Astrophysics - Solar and Stellar Astrophysics},
 month = {November},
 number = {4},
 pages = {3537-3569},
 primaryclass = {astro-ph.GA},
 title = {{Connecting the dots: a correlation between ionizing radiation and cloud mass-loss rate traced by optical integral field spectroscopy}},
 volume = {462},
 year = {2016}
}

@article{McLeod2016b,
 adsnote = {Provided by the SAO/NASA Astrophysics Data System},
 adsurl = {https://ui.adsabs.harvard.edu/abs/2016MNRAS.455.4057M},
 archiveprefix = {arXiv},
 author = {{McLeod}, A.~F. and {Weilbacher}, P.~M. and {\myname{Ginsburg}}, A. and
{Dale}, J.~E. and {Ramsay}, S. and {Testi}, L.},
 doi = {10.1093/mnras/stv2617},
 eprint = {1511.01914},
 journal = {\mnras},
 keywords = {ISM: abundances, H II regions, ISM: individual objects: M 42, ISM: jets and outflows, Astrophysics - Astrophysics of Galaxies, Astrophysics - Solar and Stellar Astrophysics},
 month = {February},
 number = {4},
 pages = {4057-4086},
 primaryclass = {astro-ph.GA},
 title = {{A nebular analysis of the central Orion nebula with MUSE}},
 volume = {455},
 year = {2016}
}

@article{McLeod2019,
 adsnote = {Provided by the SAO/NASA Astrophysics Data System},
 adsurl = {https://ui.adsabs.harvard.edu/abs/2019MNRAS.486.5263M},
 archiveprefix = {arXiv},
 author = {{McLeod}, A.~F. and {Dale}, J.~E. and {Evans}, C.~J. and {\myname{Ginsburg}}, A. and
{Kruijssen}, J.~M.~D. and {Pellegrini}, E.~W. and {Ramsay}, S.~K. and
{Testi}, L.},
 doi = {10.1093/mnras/sty2696},
 eprint = {1810.01433},
 journal = {\mnras},
 keywords = {stars: massive, ISM: abundances, H $\lt$sc$\gt$ii$\lt$/sc$\gt$ regions, Magellanic Clouds, Astrophysics - Astrophysics of Galaxies, Astrophysics - Solar and Stellar Astrophysics},
 month = {July},
 number = {4},
 pages = {5263-5288},
 primaryclass = {astro-ph.GA},
 title = {{Feedback from massive stars at low metallicities: MUSE observations of N44 and N180 in the Large Magellanic Cloud}},
 volume = {486},
 year = {2019}
}

@article{Merello2015,
 adsnote = {Provided by the SAO/NASA Astrophysics Data System},
 adsurl = {https://ui.adsabs.harvard.edu/abs/2015ApJS..218....1M},
 archiveprefix = {arXiv},
 author = {{Merello}, Manuel and {Evans}, Neal J., II and {Shirley}, Yancy L. and
{Rosolowsky}, Erik and {\myname{Ginsburg}}, Adam and {Bally}, John and
{Battersby}, Cara and {Dunham}, Michael M.},
 doi = {10.1088/0067-0049/218/1/1},
 eid = {1},
 eprint = {1501.05965},
 journal = {\apjs},
 keywords = {catalogs, dust, extinction, Galaxy: structure, stars: formation, submillimeter: ISM, surveys, Astrophysics - Astrophysics of Galaxies},
 month = {May},
 number = {1},
 pages = {1},
 primaryclass = {astro-ph.GA},
 title = {{The Bolocam Galactic Plane Survey. XI. Temperatures and Substructure of Galactic Clumps Based On 350 {\ensuremath{\mu}}M Observations}},
 volume = {218},
 year = {2015}
}

@article{Mills2018a,
 adsnote = {Provided by the SAO/NASA Astrophysics Data System},
 adsurl = {https://ui.adsabs.harvard.edu/abs/2018ApJ...869L..14M},
 archiveprefix = {arXiv},
 author = {{Mills}, E.~A.~C. and {\myname{Ginsburg}}, A. and {Clements}, A.~R. and
{Schilke}, P. and {S{\'a}nchez-Monge}, {\'A}. and {Menten}, K.~M. and
{Butterfield}, N. and {Goddi}, C. and {Schmiedeke}, A. and
{De Pree}, C.~G.},
 doi = {10.3847/2041-8213/aaf237},
 eid = {L14},
 eprint = {1810.09567},
 journal = {\apjl},
 keywords = {ISM: molecules, masers, stars: formation, Astrophysics - Astrophysics of Galaxies},
 month = {December},
 number = {1},
 pages = {L14},
 primaryclass = {astro-ph.GA},
 title = {{Discovery of $^{14}$NH$_{3}$ (2,2) Maser Emission in Sgr B2 Main}},
 volume = {869},
 year = {2018}
}

@article{Mills2018b,
 adsnote = {Provided by the SAO/NASA Astrophysics Data System},
 adsurl = {https://ui.adsabs.harvard.edu/abs/2018ApJ...868....7M},
 archiveprefix = {arXiv},
 author = {{Mills}, E.~A.~C. and {\myname{Ginsburg}}, A. and {Immer}, K. and
{Barnes}, J.~M. and {Wiesenfeld}, L. and {Faure}, A. and
{Morris}, M.~R. and {Requena-Torres}, M.~A.},
 doi = {10.3847/1538-4357/aae581},
 eid = {7},
 eprint = {1810.00266},
 journal = {\apj},
 keywords = {Galaxy: center, ISM: abundances, ISM: clouds, ISM: molecules, radio lines: ISM, Astrophysics - Astrophysics of Galaxies},
 month = {November},
 number = {1},
 pages = {7},
 primaryclass = {astro-ph.GA},
 title = {{The Dense Gas Fraction in Galactic Center Clouds}},
 volume = {868},
 year = {2018}
}

@article{Monsch2018,
 adsnote = {Provided by the SAO/NASA Astrophysics Data System},
 adsurl = {https://ui.adsabs.harvard.edu/abs/2018ApJ...861...77M},
 archiveprefix = {arXiv},
 author = {{Monsch}, Kristina and {Pineda}, Jaime E. and {Liu}, Hauyu Baobab and
{Zucker}, Catherine and {How-Huan Chen}, Hope and {Pattle}, Kate and
{Offner}, Stella S.~R. and {Di Francesco}, James and {\myname{Ginsburg}}, Adam and
{Ercolano}, Barbara and {Arce}, H{\'e}ctor G. and {Friesen}, Rachel and
{Kirk}, Helen and {Caselli}, Paola and {Goodman}, Alyssa A.},
 doi = {10.3847/1538-4357/aac8da},
 eid = {77},
 eprint = {1806.01847},
 journal = {\apj},
 keywords = {astrochemistry, ISM: individual objects: OMC1, ISM: kinematics and dynamics, ISM: magnetic fields, ISM: molecules, radio lines: ISM, Astrophysics - Astrophysics of Galaxies, Astrophysics - Solar and Stellar Astrophysics},
 month = {July},
 number = {2},
 pages = {77},
 primaryclass = {astro-ph.GA},
 title = {{Dense Gas Kinematics and a Narrow Filament in the Orion A OMC1 Region Using NH$_{3}$}},
 volume = {861},
 year = {2018}
}

@article{Redaelli2017,
 adsnote = {Provided by the SAO/NASA Astrophysics Data System},
 adsurl = {https://ui.adsabs.harvard.edu/abs/2017ApJ...850..202R},
 archiveprefix = {arXiv},
 author = {{Redaelli}, E. and {Alves}, F.~O. and {Caselli}, P. and {Pineda}, J.~E. and
{Friesen}, R.~K. and {Chac{\'o}n-Tanarro}, A. and {Matzner}, C.~D. and
{\myname{Ginsburg}}, A. and {Rosolowsky}, E. and {Keown}, J. and
{Offner}, S.~S.~R. and {Di Francesco}, J. and {Kirk}, H. and
{Myers}, P.~C. and {Hacar}, A. and {Cimatti}, A. and {Chen}, H.~H. and
{Chen}, M.~C. and {Lee}, K.~I. and {Seo}, Y.~M.},
 doi = {10.3847/1538-4357/aa9703},
 eid = {202},
 eprint = {1711.01794},
 journal = {\apj},
 keywords = {ISM: individual objects: Barnard 59, ISM: kinematics and dynamics, ISM: molecules, ISM: structure, radio lines: ISM, stars: formation, Astrophysics - Astrophysics of Galaxies, Astrophysics - Solar and Stellar Astrophysics},
 month = {December},
 number = {2},
 pages = {202},
 primaryclass = {astro-ph.GA},
 title = {{The Green Bank Ammonia Survey: Unveiling the Dynamics of the Barnard 59 Star-forming Clump}},
 volume = {850},
 year = {2017}
}

@article{Rivera-Soto2020,
 adsnote = {Provided by the SAO/NASA Astrophysics Data System},
 adsurl = {https://ui.adsabs.harvard.edu/abs/2020ApJ...899...94R},
 archiveprefix = {arXiv},
 author = {{Rivera-Soto}, Rudy and {Galv{\'a}n-Madrid}, Roberto and
{\myname{Ginsburg}}, Adam and {Kurtz}, Stan},
 doi = {10.3847/1538-4357/aba749},
 eid = {94},
 eprint = {2007.12276},
 journal = {\apj},
 keywords = {H II regions, Star formation, Radio astronomy, Giant molecular clouds, 694, 1569, 1338, 653, Astrophysics - Astrophysics of Galaxies, Astrophysics - Solar and Stellar Astrophysics},
 month = {August},
 number = {2},
 pages = {94},
 primaryclass = {astro-ph.GA},
 title = {{Recombination Lines and Molecular Gas from Hypercompact HII regions in W51 A}},
 volume = {899},
 year = {2020}
}

@article{Rosen2020,
 adsnote = {Provided by the SAO/NASA Astrophysics Data System},
 adsurl = {https://ui.adsabs.harvard.edu/abs/2020SSRv..216...62R},
 archiveprefix = {arXiv},
 author = {{Rosen}, Anna L. and {Offner}, Stella S.~R. and {Sadavoy}, Sarah I. and
{Bhandare}, Asmita and {V{\'a}zquez-Semadeni}, Enrique and
{\myname{Ginsburg}}, Adam},
 doi = {10.1007/s11214-020-00688-5},
 eid = {62},
 eprint = {2005.07717},
 journal = {\ssr},
 keywords = {Star formation, ISM, High-mass stars, Low-mass stars, Stellar feedback, Numerical methods, Synthetic observations, Astrophysics - Solar and Stellar Astrophysics, Astrophysics - Astrophysics of Galaxies},
 month = {May},
 number = {4},
 pages = {62},
 primaryclass = {astro-ph.SR},
 title = {{Zooming in on Individual Star Formation: Low- and High-Mass Stars}},
 volume = {216},
 year = {2020}
}

@article{Rosolowsky2010,
 adsnote = {Provided by the SAO/NASA Astrophysics Data System},
 adsurl = {https://ui.adsabs.harvard.edu/abs/2010ApJS..188..123R},
 archiveprefix = {arXiv},
 author = {{Rosolowsky}, Erik and {Dunham}, Miranda K. and {\myname{Ginsburg}}, Adam and
{Bradley}, E. Todd and {Aguirre}, James and {Bally}, John and
{Battersby}, Cara and {Cyganowski}, Claudia and {Dowell}, Darren and
{Drosback}, Meredith and {Evans}, Neal J., II and {Glenn}, Jason and
{Harvey}, Paul and {Stringfellow}, Guy S. and {Walawender}, Josh and
{Williams}, Jonathan P.},
 doi = {10.1088/0067-0049/188/1/123},
 eprint = {0909.2871},
 journal = {\apjs},
 keywords = {catalogs, dust, extinction, Galaxy: structure, radio continuum: ISM, stars: formation, Astrophysics - Astrophysics of Galaxies},
 month = {May},
 number = {1},
 pages = {123-138},
 primaryclass = {astro-ph.GA},
 title = {{The Bolocam Galactic Plane Survey. II. Catalog of the Image Data}},
 volume = {188},
 year = {2010}
}

@inproceedings{Rosolowsky2018,
 adsnote = {Provided by the SAO/NASA Astrophysics Data System},
 adsurl = {https://ui.adsabs.harvard.edu/abs/2018ASPC..517..465R},
 author = {{Rosolowsky}, E. and {\myname{Ginsburg}}, A. and {Leroy}, A.},
 booktitle = {Science with a Next Generation Very Large Array},
 editor = {{Murphy}, Eric},
 month = {December},
 pages = {465},
 series = {Astronomical Society of the Pacific Conference Series},
 title = {{Unwinding Star Formation a with Next-Generation Galactic Plane Survey}},
 volume = {517},
 year = {2018}
}

@article{Rubin2009,
 adsnote = {Provided by the SAO/NASA Astrophysics Data System},
 adsurl = {https://ui.adsabs.harvard.edu/abs/2009A&A...494..647R},
 archiveprefix = {arXiv},
 author = {{Rubin}, D. and {Hony}, S. and {Madden}, S.~C. and
{Tielens}, A.~G.~G.~M. and {Meixner}, M. and {Indebetouw}, R. and
{Reach}, W. and {\myname{Ginsburg}}, A. and {Kim}, S. and {Mochizuki}, K. and
{Babler}, B. and {Block}, M. and {Bracker}, S.~B. and
{Engelbracht}, C.~W. and {For}, B. -Q. and {Gordon}, K. and
{Hora}, J.~L. and {Leitherer}, C. and {Meade}, M. and {Misselt}, K. and
{Sewilo}, M. and {Vijh}, U. and {Whitney}, B.},
 doi = {10.1051/0004-6361:200810968},
 eprint = {0812.2396},
 journal = {\aap},
 keywords = {galaxies: Magellanic Clouds, ISM: dust, extinction, infrared: galaxies, ISM: lines and bands, Astrophysics},
 month = {February},
 number = {2},
 pages = {647-661},
 primaryclass = {astro-ph},
 title = {{A spatially resolved study of photoelectric heating and [C II] cooling in the LMC. Comparison with dust emission as seen by SAGE}},
 volume = {494},
 year = {2009}
}

@article{Sanchez-Monge2017,
 adsnote = {Provided by the SAO/NASA Astrophysics Data System},
 adsurl = {https://ui.adsabs.harvard.edu/abs/2017A&A...604A...6S},
 archiveprefix = {arXiv},
 author = {{S{\'a}nchez-Monge}, {\'A}. and {Schilke}, P. and {Schmiedeke}, A. and
{\myname{Ginsburg}}, A. and {Cesaroni}, R. and {Lis}, D.~C. and {Qin}, S. -L. and
{M{\"u}ller}, H.~S.~P. and {Bergin}, E. and {Comito}, C. and
{M{\"o}ller}, Th.},
 doi = {10.1051/0004-6361/201730426},
 eid = {A6},
 eprint = {1704.01805},
 journal = {\aap},
 keywords = {stars: formation, stars: massive, radio continuum: ISM, radio lines: ISM, ISM: individual objects: SgrB2(M), ISM: individual objects: SgrB2(N), Astrophysics - Astrophysics of Galaxies},
 month = {July},
 pages = {A6},
 primaryclass = {astro-ph.GA},
 title = {{The physical and chemical structure of Sagittarius B2. II. Continuum millimeter emission of Sgr B2(M) and Sgr B2(N) with ALMA}},
 volume = {604},
 year = {2017}
}

@article{Sanchez-Monge2018,
 adsnote = {Provided by the SAO/NASA Astrophysics Data System},
 adsurl = {https://ui.adsabs.harvard.edu/abs/2018A&A...609A.101S},
 archiveprefix = {arXiv},
 author = {{S{\'a}nchez-Monge}, {\'A}. and {Schilke}, P. and {\myname{Ginsburg}}, A. and
{Cesaroni}, R. and {Schmiedeke}, A.},
 doi = {10.1051/0004-6361/201730425},
 eid = {A101},
 eprint = {1710.02419},
 journal = {\aap},
 keywords = {methods: data analysis, techniques: image processing, techniques: spectroscopic, radio continuum: general, methods: statistical, radio lines: general, Astrophysics - Instrumentation and Methods for Astrophysics},
 month = {January},
 pages = {A101},
 primaryclass = {astro-ph.IM},
 title = {{STATCONT: A statistical continuum level determination method for line-rich sources}},
 volume = {609},
 year = {2018}
}

@article{Schap2017,
 adsnote = {Provided by the SAO/NASA Astrophysics Data System},
 adsurl = {https://ui.adsabs.harvard.edu/abs/2017MNRAS.465.2559S},
 archiveprefix = {arXiv},
 author = {{Schap}, W.~J. and {Barnes}, P.~J. and {Ordo{\~n}ez}, A. and
{\myname{Ginsburg}}, A. and {Yonekura}, Y. and {Fukui}, Y.},
 doi = {10.1093/mnras/stw2842},
 eprint = {1612.08144},
 journal = {\mnras},
 keywords = {stars: formation, ISM: clouds, ISM: molecules, Astrophysics - Astrophysics of Galaxies},
 month = {March},
 number = {3},
 pages = {2559-2566},
 primaryclass = {astro-ph.GA},
 title = {{HCN hyperfine ratio analysis of massive molecular clumps}},
 volume = {465},
 year = {2017}
}

@article{Schlingman2011,
 adsnote = {Provided by the SAO/NASA Astrophysics Data System},
 adsurl = {https://ui.adsabs.harvard.edu/abs/2011ApJS..195...14S},
 archiveprefix = {arXiv},
 author = {{Schlingman}, Wayne M. and {Shirley}, Yancy L. and {Schenk}, David E. and
{Rosolowsky}, Erik and {Bally}, John and {Battersby}, Cara and
{Dunham}, Miranda K. and {Ellsworth-Bowers}, Timothy P. and
{Evans}, Neal J., II and {\myname{Ginsburg}}, Adam and {Stringfellow}, Guy},
 doi = {10.1088/0067-0049/195/2/14},
 eid = {14},
 eprint = {1105.4181},
 journal = {\apjs},
 keywords = {Galaxy: kinematics and dynamics, Galaxy: structure, ISM: clouds, ISM: kinematics and dynamics, stars: formation, submillimeter: ISM, surveys, Astrophysics - Astrophysics of Galaxies},
 month = {August},
 number = {2},
 pages = {14},
 primaryclass = {astro-ph.GA},
 title = {{The Bolocam Galactic Plane Survey. V. HCO$^{+}$ and N$_{2}$H$^{+}$ Spectroscopy of 1.1 mm Dust Continuum Sources}},
 volume = {195},
 year = {2011}
}

@article{Schuller2017,
 adsnote = {Provided by the SAO/NASA Astrophysics Data System},
 adsurl = {https://ui.adsabs.harvard.edu/abs/2017A&A...601A.124S},
 archiveprefix = {arXiv},
 author = {{Schuller}, F. and {Csengeri}, T. and {Urquhart}, J.~S. and
{Duarte-Cabral}, A. and {Barnes}, P.~J. and {Giannetti}, A. and {Hernand
ez}, A.~K. and {Leurini}, S. and {Mattern}, M. and {Medina}, S. -N.~X. and
{Agurto}, C. and {Azagra}, F. and {Anderson}, L.~D. and
{Beltr{\'a}n}, M.~T. and {Beuther}, H. and {Bontemps}, S. and
{Bronfman}, L. and {Dobbs}, C.~L. and {Dumke}, M. and {Finger}, R. and
{\myname{Ginsburg}}, A. and {Gonzalez}, E. and {Henning}, T. and
{Kauffmann}, J. and {Mac-Auliffe}, F. and {Menten}, K.~M. and
{Montenegro-Montes}, F.~M. and {Moore}, T.~J.~T. and {Muller}, E. and
{Parra}, R. and {Perez-Beaupuits}, J. -P. and {Pettitt}, A. and
{Russeil}, D. and {S{\'a}nchez-Monge}, {\'A}. and {Schilke}, P. and
{Schisano}, E. and {Suri}, S. and {Testi}, L. and {Torstensson}, K. and
{Venegas}, P. and {Wang}, K. and {Wienen}, M. and {Wyrowski}, F. and
{Zavagno}, A.},
 doi = {10.1051/0004-6361/201628933},
 eid = {A124},
 eprint = {1701.04712},
 journal = {\aap},
 keywords = {surveys, Galaxy: structure, radio lines: ISM, ISM: clouds, ISM: structure, Astrophysics - Astrophysics of Galaxies},
 month = {May},
 pages = {A124},
 primaryclass = {astro-ph.GA},
 title = {{SEDIGISM: Structure, excitation, and dynamics of the inner Galactic interstellar medium}},
 volume = {601},
 year = {2017}
}

@article{Schworer2019,
 adsnote = {Provided by the SAO/NASA Astrophysics Data System},
 adsurl = {https://ui.adsabs.harvard.edu/abs/2019A&A...628A...6S},
 archiveprefix = {arXiv},
 author = {{Schw{\"o}rer}, A. and {S{\'a}nchez-Monge}, {\'A}. and {Schilke}, P. and
{M{\"o}ller}, T. and {\myname{Ginsburg}}, A. and {Meng}, F. and
{Schmiedeke}, A. and {M{\"u}ller}, H.~S.~P. and {Lis}, D. and
{Qin}, S. -L.},
 doi = {10.1051/0004-6361/201935200},
 eid = {A6},
 eprint = {1906.10979},
 journal = {\aap},
 keywords = {stars: formation, stars: massive, techniques: high angular resolution, ISM: kinematics and dynamics, ISM: individual objects: SgrB2(N), radio lines: ISM, Astrophysics - Astrophysics of Galaxies},
 month = {August},
 pages = {A6},
 primaryclass = {astro-ph.GA},
 title = {{The physical and chemical structure of Sagittarius B2. IV. Converging filaments in the high-mass cluster forming region Sgr B2(N)}},
 volume = {628},
 year = {2019}
}

@article{Shirley2013,
 adsnote = {Provided by the SAO/NASA Astrophysics Data System},
 adsurl = {https://ui.adsabs.harvard.edu/abs/2013ApJS..209....2S},
 archiveprefix = {arXiv},
 author = {{Shirley}, Yancy L. and {Ellsworth-Bowers}, Timothy P. and
{Svoboda}, Brian and {Schlingman}, Wayne M. and {\myname{Ginsburg}}, Adam and
{Rosolowsky}, Erik and {Gerner}, Thomas and {Mairs}, Steven and
{Battersby}, Cara and {Stringfellow}, Guy and {Dunham}, Miranda K. and
{Glenn}, Jason and {Bally}, John},
 doi = {10.1088/0067-0049/209/1/2},
 eid = {2},
 eprint = {1308.4149},
 journal = {\apjs},
 keywords = {Galaxy: kinematics and dynamics, ISM: clouds, ISM: structure, radio lines: ISM, stars: formation, surveys, Astrophysics - Astrophysics of Galaxies},
 month = {November},
 number = {1},
 pages = {2},
 primaryclass = {astro-ph.GA},
 title = {{The Bolocam Galactic Plane Survey. X. A Complete Spectroscopic Catalog of Dense Molecular Gas Observed toward 1.1 mm Dust Continuum Sources with 7.{\textdegree}5 <= l <= 194{\textdegree}}},
 volume = {209},
 year = {2013}
}

@article{Smith2013,
 adsnote = {Provided by the SAO/NASA Astrophysics Data System},
 adsurl = {https://ui.adsabs.harvard.edu/abs/2013MNRAS.429.1324S},
 archiveprefix = {arXiv},
 author = {{Smith}, Nathan and {Arnett}, W. David and {Bally}, John and
{\myname{Ginsburg}}, Adam and {Filippenko}, Alexei V.},
 doi = {10.1093/mnras/sts418},
 eprint = {1211.4612},
 journal = {\mnras},
 keywords = {binaries: general, circumstellar matter, stars: evolution, stars: mass loss, supernovae: individual: SN 1987A, stars: winds, outflows, Astrophysics - Solar and Stellar Astrophysics, Astrophysics - High Energy Astrophysical Phenomena},
 month = {February},
 number = {2},
 pages = {1324-1341},
 primaryclass = {astro-ph.SR},
 title = {{The ring nebula around the blue supergiant SBW1: pre-explosion snapshot of an SN 1987A twin}},
 volume = {429},
 year = {2013}
}

@article{Smith2018,
 adsnote = {Provided by the SAO/NASA Astrophysics Data System},
 adsurl = {https://ui.adsabs.harvard.edu/abs/2018MNRAS.474.4988S},
 archiveprefix = {arXiv},
 author = {{Smith}, Nathan and {\myname{Ginsburg}}, Adam and {Bally}, John},
 doi = {10.1093/mnras/stx3050},
 eprint = {1712.01362},
 journal = {\mnras},
 keywords = {circumstellar matter, stars: evolution, stars: winds, outflows, Astrophysics - Solar and Stellar Astrophysics},
 month = {March},
 number = {4},
 pages = {4988-4996},
 primaryclass = {astro-ph.SR},
 title = {{A disrupted molecular torus around Eta Carinae as seen in $^{12}$CO with ALMA}},
 volume = {474},
 year = {2018}
}

@article{Stringfellow2009,
 adsnote = {Provided by the SAO/NASA Astrophysics Data System},
 adsurl = {https://ui.adsabs.harvard.edu/abs/2009ASSP...13..623S},
 author = {{Stringfellow}, Guy S. and {Bally}, John and {\myname{Ginsburg}}, Adam},
 doi = {10.1007/978-3-642-00576-3_95},
 journal = {Astrophysics and Space Science Proceedings},
 keywords = {Physics},
 month = {January},
 pages = {623-625},
 title = {{Young Stellar Jets and Outflows in the Massive Star Forming Complex W5}},
 volume = {13},
 year = {2009}
}

@article{Suri2019,
 adsnote = {Provided by the SAO/NASA Astrophysics Data System},
 adsurl = {https://ui.adsabs.harvard.edu/abs/2019A&A...623A.142S},
 archiveprefix = {arXiv},
 author = {{Suri}, S{\"u}meyye and {S{\'a}nchez-Monge}, {\'A}lvaro and
{Schilke}, Peter and {Clarke}, Seamus D. and {Smith}, Rowan J. and
{Ossenkopf-Okada}, Volker and {Klessen}, Ralf and {Padoan}, Paolo and
{Goldsmith}, Paul and {Arce}, H{\'e}ctor G. and {Bally}, John and
{Carpenter}, John M. and {\myname{Ginsburg}}, Adam and {Johnstone}, Doug and
{Kauffmann}, Jens and {Kong}, Shuo and {Lis}, Dariusz C. and
{Mairs}, Steve and {Pillai}, Thushara and {Pineda}, Jaime E. and
{Duarte-Cabral}, Ana},
 doi = {10.1051/0004-6361/201834049},
 eid = {A142},
 eprint = {1901.00176},
 journal = {\aap},
 keywords = {ISM: clouds, stars: formation, ISM: structure, ISM: individual objects: Orion A, methods: statistical, Astrophysics - Astrophysics of Galaxies},
 month = {March},
 pages = {A142},
 primaryclass = {astro-ph.GA},
 title = {{The CARMA-NRO Orion Survey. Filamentary structure as seen in C$^{18}$O emission}},
 volume = {623},
 year = {2019}
}

@article{Svoboda2016,
 adsnote = {Provided by the SAO/NASA Astrophysics Data System},
 adsurl = {https://ui.adsabs.harvard.edu/abs/2016ApJ...822...59S},
 archiveprefix = {arXiv},
 author = {{Svoboda}, Brian E. and {Shirley}, Yancy L. and {Battersby}, Cara and
{Rosolowsky}, Erik W. and {\myname{Ginsburg}}, Adam G. and
{Ellsworth-Bowers}, Timothy P. and {Pestalozzi}, Michele R. and
{Dunham}, Miranda K. and {Evans}, Neal J., II and {Bally}, John and
{Glenn}, Jason},
 doi = {10.3847/0004-637X/822/2/59},
 eid = {59},
 eprint = {1511.08810},
 journal = {\apj},
 keywords = {ISM: clouds, ISM: molecules, masers, stars: formation, submillimeter: ISM, surveys, Astrophysics - Astrophysics of Galaxies},
 month = {May},
 number = {2},
 pages = {59},
 primaryclass = {astro-ph.GA},
 title = {{The Bolocam Galactic Plane Survey. XIV. Physical Properties of Massive Starless and Star-forming Clumps}},
 volume = {822},
 year = {2016}
}

@inproceedings{Thompson2015,
 adsnote = {Provided by the SAO/NASA Astrophysics Data System},
 adsurl = {https://ui.adsabs.harvard.edu/abs/2015aska.confE.126T},
 archiveprefix = {arXiv},
 author = {{Thompson}, M. and {Beuther}, H. and {Dickinson}, C. and {MOttram}, J. and
{Klaassen}, P. and {\myname{Ginsburg}}, A. and {Longmore}, S. and {Remijan}, A. and
{Menten}, K.~M.},
 booktitle = {Advancing Astrophysics with the Square Kilometre Array (AASKA14)},
 eid = {126},
 eprint = {1412.5554},
 keywords = {Astrophysics - Astrophysics of Galaxies},
 month = {April},
 pages = {126},
 primaryclass = {astro-ph.GA},
 title = {{The ionised,radical and molecular Milky Way: spectroscopic surveys with the SKA}},
 year = {2015}
}

@article{vanAarle2011,
 adsnote = {Provided by the SAO/NASA Astrophysics Data System},
 adsurl = {https://ui.adsabs.harvard.edu/abs/2011A&A...530A..90V},
 archiveprefix = {arXiv},
 author = {{van Aarle}, E. and {van Winckel}, H. and {Lloyd Evans}, T. and
{Ueta}, T. and {Wood}, P.~R. and {\myname{Ginsburg}}, A.~G.},
 doi = {10.1051/0004-6361/201015834},
 eid = {A90},
 eprint = {1104.2254},
 journal = {\aap},
 keywords = {stars: AGB and post-AGB, stars: evolution, Magellanic Clouds, circumstellar matter, Astrophysics - Solar and Stellar Astrophysics},
 month = {June},
 pages = {A90},
 primaryclass = {astro-ph.SR},
 title = {{The optically bright post-AGB population of the LMC}},
 volume = {530},
 year = {2011}
}

@article{vandeSteene2008,
 adsnote = {Provided by the SAO/NASA Astrophysics Data System},
 adsurl = {https://ui.adsabs.harvard.edu/abs/2008A&A...480..775V},
 archiveprefix = {arXiv},
 author = {{van de Steene}, G.~C. and {Ueta}, T. and {van Hoof}, P.~A.~M. and
{Reyniers}, M. and {\myname{Ginsburg}}, A.~G.},
 doi = {10.1051/0004-6361:20078880},
 eprint = {0801.0674},
 journal = {\aap},
 keywords = {shock waves, stars: AGB and post-AGB, stars: winds, outflows, stars: individual : IRAS 16594-4656, ISM: molecules, Astrophysics},
 month = {March},
 number = {3},
 pages = {775-783},
 primaryclass = {astro-ph},
 title = {{Kinematics and H\{2\} morphology of the multipolar post-AGB star IRAS 16594-4656}},
 volume = {480},
 year = {2008}
}

@article{Walker2018,
 adsnote = {Provided by the SAO/NASA Astrophysics Data System},
 adsurl = {https://ui.adsabs.harvard.edu/abs/2018MNRAS.474.2373W},
 archiveprefix = {arXiv},
 author = {{Walker}, D.~L. and {Longmore}, S.~N. and {Zhang}, Q. and
{Battersby}, C. and {Keto}, E. and {Kruijssen}, J.~M.~D. and
{\myname{Ginsburg}}, A. and {Lu}, X. and {Henshaw}, J.~D. and {Kauffmann}, J. and
{Pillai}, T. and {Mills}, E.~A.~C. and {Walsh}, A.~J. and {Bally}, J. and
{Ho}, L.~C. and {Immer}, K. and {Johnston}, K.~G.},
 doi = {10.1093/mnras/stx2898},
 eprint = {1711.00781},
 journal = {\mnras},
 keywords = {stars: formation, ISM: clouds, Galaxy: centre, Astrophysics - Astrophysics of Galaxies},
 month = {February},
 number = {2},
 pages = {2373-2388},
 primaryclass = {astro-ph.GA},
 title = {{Star formation in a high-pressure environment: an SMA view of the Galactic Centre dust ridge}},
 volume = {474},
 year = {2018}
}

@article{Wang2015,
 adsnote = {Provided by the SAO/NASA Astrophysics Data System},
 adsurl = {https://ui.adsabs.harvard.edu/abs/2015MNRAS.450.4043W},
 archiveprefix = {arXiv},
 author = {{Wang}, Ke and {Testi}, Leonardo and {\myname{Ginsburg}}, Adam and
{Walmsley}, C. Malcolm and {Molinari}, Sergio and {Schisano}, Eugenio},
 doi = {10.1093/mnras/stv735},
 eprint = {1504.00647},
 journal = {\mnras},
 keywords = {catalogues, stars: formation, ISM: clouds, ISM: structure, Galaxy: structure, Astrophysics - Astrophysics of Galaxies},
 month = {July},
 number = {4},
 pages = {4043-4049},
 primaryclass = {astro-ph.GA},
 title = {{Large-scale filaments associated with Milky Way spiral arms}},
 volume = {450},
 year = {2015}
}

@article{Weilbacher2015,
 adsnote = {Provided by the SAO/NASA Astrophysics Data System},
 adsurl = {https://ui.adsabs.harvard.edu/abs/2015A&A...582A.114W},
 archiveprefix = {arXiv},
 author = {{Weilbacher}, Peter M. and {Monreal-Ibero}, Ana and
{Kollatschny}, Wolfram and {\myname{Ginsburg}}, Adam and {McLeod}, Anna F. and
{Kamann}, Sebastian and {Sandin}, Christer and {Palsa}, Ralf and
{Wisotzki}, Lutz and {Bacon}, Roland and {Selman}, Fernando and
{Brinchmann}, Jarle and {Caruana}, Joseph and {Kelz}, Andreas and
{Martinsson}, Thomas and {P{\'e}contal-Rousset}, Arlette and
{Richard}, Johan and {Wendt}, Martin},
 doi = {10.1051/0004-6361/201526529},
 eid = {A114},
 eprint = {1507.00006},
 journal = {\aap},
 keywords = {Hiiregions, ISM: individual objects: M 42, open clusters and associations: individual: Trapezium cluster, Astrophysics - Astrophysics of Galaxies},
 month = {October},
 pages = {A114},
 primaryclass = {astro-ph.GA},
 title = {{A MUSE map of the central Orion Nebula (M 42)}},
 volume = {582},
 year = {2015}
}

@article{Wright2020,
 adsnote = {Provided by the SAO/NASA Astrophysics Data System},
 adsurl = {https://ui.adsabs.harvard.edu/abs/2020ApJ...889..155W},
 archiveprefix = {arXiv},
 author = {{Wright}, Melvyn and {Plambeck}, Richard and {Hirota}, Tomoya and
{\myname{Ginsburg}}, Adam and {McGuire}, Brett and {Bally}, John and
{Goddi}, Ciriaco},
 doi = {10.3847/1538-4357/ab5864},
 eid = {155},
 eprint = {1912.08862},
 journal = {\apj},
 keywords = {Astrophysics - Astrophysics of Galaxies},
 month = {February},
 number = {2},
 pages = {155},
 primaryclass = {astro-ph.GA},
 title = {{Observations of the Orion Source I Disk and Outflow Interface}},
 volume = {889},
 year = {2020}
}

@article{Yan2010,
 adsnote = {Provided by the SAO/NASA Astrophysics Data System},
 adsurl = {https://ui.adsabs.harvard.edu/abs/2010ApJ...720....1Y},
 archiveprefix = {arXiv},
 author = {{Yan}, Chi-Hung and {Minh}, Y.~C. and {Wang}, Shiang-Yu and
{Su}, Yu-Nang and {\myname{Ginsburg}}, Adam},
 doi = {10.1088/0004-637X/720/1/1},
 eprint = {1107.2943},
 journal = {\apj},
 keywords = {infrared: stars, ISM: clouds, ISM: jets and outflows, stars: formation, stars: individual: Sh 2-233IR, stars: pre-main sequence, Astrophysics - Solar and Stellar Astrophysics, Astrophysics - Galaxy Astrophysics},
 month = {September},
 number = {1},
 pages = {1-8},
 primaryclass = {astro-ph.SR},
 title = {{Star-forming Region Sh 2-233IR. I. Deep Near-infrared Observations toward the Embedded Stellar Clusters}},
 volume = {720},
 year = {2010}
}

@article{Youngblood2016,
 adsnote = {Provided by the SAO/NASA Astrophysics Data System},
 adsurl = {https://ui.adsabs.harvard.edu/abs/2016AJ....151..173Y},
 archiveprefix = {arXiv},
 author = {{Youngblood}, Allison and {\myname{Ginsburg}}, Adam and {Bally}, John},
 doi = {10.3847/0004-6256/151/6/173},
 eid = {173},
 eprint = {1604.04651},
 journal = {\aj},
 keywords = {ISM: clouds, ISM: jets and outflows, stars: formation, Astrophysics - Astrophysics of Galaxies},
 month = {June},
 number = {6},
 pages = {173},
 primaryclass = {astro-ph.GA},
 title = {{The Orion Fingers: Near-IR Spectral Imaging of an Explosive Outflow}},
 volume = {151},
 year = {2016}
}

@article{Youngblood2018,
 adsnote = {Provided by the SAO/NASA Astrophysics Data System},
 adsurl = {https://ui.adsabs.harvard.edu/abs/2018ApJ...857....7Y},
 archiveprefix = {arXiv},
 author = {{Youngblood}, Allison and {France}, Kevin and {\myname{Ginsburg}}, Adam and
{Hoadley}, Keri and {Bally}, John},
 doi = {10.3847/1538-4357/aab4f4},
 eid = {7},
 eprint = {1803.01903},
 journal = {\apj},
 keywords = {ISM: clouds, ISM: jets and outflows, stars: formation, Astrophysics - Astrophysics of Galaxies},
 month = {April},
 number = {1},
 pages = {7},
 primaryclass = {astro-ph.GA},
 title = {{The Orion Fingers: H$_{2}$ Temperatures and Excitation in an Explosive Outflow}},
 volume = {857},
 year = {2018}
}

